1996 3150
102 849 249 895 ITEM
283 850 449 896 ALIAE
478 849 773 897 GUIDONIS
802 848 1068 896 REGULAE
1103 848 1181 893 DE
1208 847 1433 895 IGNOTO
1461 846 1663 896 CANTU

280 994 518 1025 IDENTIDEM
544 993 589 1025 IN
616 993 920 1025 ANTIPHONARII
949 993 1014 1025 SUI
1040 991 1261 1024 PROLOGUM
1286 990 1483 1022 PROLATAE

163 1323 450 1379 Temporibus
483 1323 641 1366 nostris
673 1339 802 1379 super
835 1337 983 1364 01111103
1016 1321 1212 1362 11011111103
1245 1320 1355 1360 fatui
1388 1325 1488 1360 sunt
1520 1324 1667 1359 001110-

101 1413 194 1449 1·03;
228 1397 273 1437 111
300 1397 413 1437 0111111
441 1397 554 1437 0111111
588 1402 682 1436 arte
707 1395 835 1436 valde
857 1394 984 1450 plura
1007 1399 1119 1445 sunt,
1150 1408 1245 1448 quae
1278 1398 1422 1433 nostro
1449 1406 1575 1432 sensu
1599 1405 1668 1431 co-

101 1469 364 1525 gnoscimUS,
393 1482 525 1523 quam
558 1482 622 1520 ea,
647 1481 741 1522 quae
773 1482 797 1507 a
826 1467 1033 1521 magistro
1057 1464 1303 1505 didicimus.
1330 1462 1527 1504 Perlecto
1553 1462 1668 1502 enim

102 1540 192 1582 solo
225 1539 430 1595 psalterio
473 1539 665 1579 omnium
698 1537 911 1579 librorum
944 1536 1150 1577 lectiones
1182 1539 1451 1592 cognoscunt
1482 1531 1666 1588 pueruli,

104 1612 141 1652 ἃ
174 1611 450 1665 agriculturae
489 1610 718 1650 scientiam
759 1608 903 1649 subito
942 1606 1197 1661 intelligunt
1238 1605 1401 1646 rustici.
1435 1603 1519 1655 Qui
1553 1604 1668 1644 enim

103 1697 236 1723 unam
257 1683 430 1723 vineam
452 1687 621 1736 putare,
650 1695 783 1721 unam
805 1679 1086 1721 arbusculam
1109 1680 1314 1729 inserere,
1340 1691 1476 1717 unum
1498 1677 1669 1716 asinum

104 1769 285 1795 onerare
327 1753 593 1807 cognoverit,
627 1753 740 1793 sicut
781 1753 826 1792 in
859 1766 944 1792 uno
977 1750 1096 1804 facit,
1137 1752 1181 1790 in
1216 1748 1417 1790 omnibus
1454 1747 1667 1800 similiter,

102 1832 182 1866 aut
213 1826 343 1866 etiam
376 1824 529 1865 melius
561 1823 706 1864 facere
738 1838 823 1864 non
861 1821 1096 1863 dubitabit.
1128 1820 1356 1861 Mirabiles
1390 1825 1537 1860 autem
1569 1832 1670 1858 can-

104 1904 218 1937 tores
251 1896 287 1936 &
320 1902 546 1936 cantorum
571 1893 777 1949 discipuli
800 1893 971 1934 etiamsi
995 1907 1072 1947 per
1099 1898 1275 1932 centum
1307 1904 1443 1931 annos
1476 1887 1670 1944 quotidie

104 1972 298 2018 cantent,
327 1979 564 2020 numquam
592 1979 670 2020 per
696 1979 741 2005 se
774 1965 866 2005 sine
894 1965 1104 2019 magistro
1130 1977 1263 2004 unam
1295 1961 1365 2003 vel
1397 1960 1553 2002 saltem
1575 1974 1671 2015 par·

105 2038 256 2079 vulam
283 2037 566 2092 antiphonam
589 2036 844 2089 cantabunt,
870 2041 1041 2076 tantum
1069 2041 1238 2089 tempus
1262 2034 1307 2074 in
1333 2031 1551 2074 cantando
1575 2045 1673 2086 per-

107 2109 258 2150 dentes
291 2109 337 2149 in
370 2114 532 2163 quanto
566 2107 602 2148 &
635 2107 832 2148 divinam
865 2107 900 2147 ἃ
939 2105 1180 2154 secularem
1213 2105 1476 2160 scripturam
1509 2102 1673 2157 potuis-

105 2185 203 2222 sent
233 2179 360 2235 plene
393 2193 666 2234 cognoscere.

166 2251 226 2292 Et
258 2250 372 2306 quod
415 2265 545 2305 super
577 2251 723 2291 omnia
762 2249 876 2290 mala
918 2249 1058 2302 magis
1097 2254 1161 2289 est
1202 2245 1507 2302 periculosum,
1546 2242 1671 2284 multi

108 2323 298 2376 religiosi
331 2321 496 2362 ordinis
529 2321 675 2362 clerici
709 2320 744 2361 Sc
777 2319 979 2361 monachi
1012 2319 1200 2374 psalmos
1226 2318 1261 2358 ἃ,
1288 2331 1433 2358 sacras
1466 2315 1673 2356 lectiones

108 2395 144 2435 ἃ
170 2400 406 2435 nocturnas
429 2407 527 2433 cum
548 2393 740 2447 puritate
767 2390 956 2446 vigilias,
985 2390 1020 2430 ἃ
1042 2389 1212 2444 reliqua
1232 2388 1407 2444 pietatis
1429 2401 1572 2442 opera,
1596 2399 1674 2440 per

109 2481 203 2521 quae
237 2465 291 2506 ad
324 2465 636 2519 sempiternam
677 2462 861 2518 gloriam
894 2477 1186 2517 provocamur
1218 2462 1253 2502 Sc
1286 2461 1500 2512 ducimur,
1535 2457 1674 2513 negli-

105 2543 240 2592 gunt,
274 2537 377 2577 dum
411 2535 619 2577 cantandi
647 2535 889 2588 scientiam,
918 2548 1049 2589 quam
1082 2533 1287 2588 consequi
1314 2545 1551 2586 numquam
1579 2544 1675 2584 pos-

107 2614 221 2661 sunt,
254 2607 403 2648 labore
435 2606 609 2648 assiduo
643 2606 678 2646 &a
710 2605 968 2647 stultissimo
996 2610 1329 2660 persequuntur.

166 2677 284 2719 Illud
313 2693 482 2734 quoque
505 2678 599 2733 quis
632 2692 716 2718 non
740 2676 911 2729 defleat,
941 2676 1056 2731 quod
1089 2682 1179 2716 tam
1212 2675 1360 2729 gravis
1387 2687 1506 2714 error
1538 2678 1602 2712 est
1628 2672 1673 2712 in

107 2755 261 2791 sancta
293 2749 504 2806 Ecclesia,
538 2755 715 2804 tamque
738 2747 982 2804 periculosa
1008 2745 1241 2802 discordia,
1275 2751 1323 2785 111
1355 2743 1530 2799 quando
1563 2742 1675 2783 divi-

109 2837 212 2864 num
246 2821 434 2863 officium
467 2820 749 2873 celebramus,
783 2834 893 2875 saepe
932 2834 1019 2860 non
1051 2819 1194 2859 Deum
1227 2816 1421 2867 laudare,
1454 2814 1530 2856 sed
1562 2816 1675 2855 inter

109 2910 188 2936 nos
219 2900 388 2935 certare
420 2893 664 2934 videamur.
698 2891 791 2933 Vix
818 2890 1004 2945 denique
1025 2904 1137 2930 unus
1157 2886 1394 2929 concordat
1425 2885 1565 2938 alteri,
1588 2899 1675 2926 non
