<?xml version="1.0" encoding="UTF-8"?>
<!DOCTYPE html PUBLIC "-//W3C//DTD XHTML 1.0 Transitional//EN"
    "http://www.w3.org/TR/xhtml1/DTD/xhtml1-transitional.dtd">
<html xmlns="http://www.w3.org/1999/xhtml" xml:lang="en" lang="en">
 <head>
  <title>
</title>
<meta http-equiv="Content-Type" content="text/html;charset=utf-8" />
  <meta name='ocr-system' content='tesseract 3.04.00' />
  <meta name='ocr-capabilities' content='ocr_page ocr_carea ocr_par ocr_line ocrx_word'/>
</head>
<body>
  <div class='ocr_page' id='page_1' title='image "./guidoaretinomona00bran_0406.png"; bbox 0 0 2012 3182; ppageno 0'>
   <div class='ocr_carea' id='block_1_1' title="bbox 289 118 1265 156">
    <p class='ocr_par' dir='ltr' id='par_1_1' title="bbox 289 118 1265 156">
     <span class='ocr_line' id='line_1_1' title="bbox 289 118 1265 156; baseline -0.002 0"><span class='ocrx_word' id='word_1_1' title='bbox 289 121 358 156; x_wconf 82' lang='lat'>392</span> <span class='ocrx_word' id='word_1_2' title='bbox 872 119 1024 154; x_wconf 88' lang='lat' dir='ltr'><strong>GUIDO</strong></span> <span class='ocrx_word' id='word_1_3' title='bbox 1051 118 1265 154; x_wconf 87' lang='lat' dir='ltr'><strong>ARETINO</strong></span> 
     </span>
    </p>
   </div>
   <div class='ocr_carea' id='block_1_2' title="bbox 286 213 1856 1342">
    <p class='ocr_par' dir='ltr' id='par_1_2' title="bbox 286 213 1856 1342">
     <span class='ocr_line' id='line_1_2' title="bbox 290 213 1853 273; baseline -0.002 -15"><span class='ocrx_word' id='word_1_4' title='bbox 290 232 395 273; x_wconf 89' lang='lat' dir='ltr'>opus</span> <span class='ocrx_word' id='word_1_5' title='bbox 432 223 512 270; x_wconf 71' lang='lat' dir='ltr'>est,</span> <span class='ocrx_word' id='word_1_6' title='bbox 543 230 642 257; x_wconf 88' lang='lat' dir='ltr'>cum</span> <span class='ocrx_word' id='word_1_7' title='bbox 689 214 786 270; x_wconf 88' lang='lat' dir='ltr'>plus</span> <span class='ocrx_word' id='word_1_8' title='bbox 832 229 876 255; x_wconf 88' lang='lat' dir='ltr'>se</span> <span class='ocrx_word' id='word_1_9' title='bbox 919 220 1071 255; x_wconf 88' lang='lat' dir='ltr'>cantor</span> <span class='ocrx_word' id='word_1_10' title='bbox 1118 213 1367 267; x_wconf 86' lang='lat' dir='ltr'>intenderit,</span> <span class='ocrx_word' id='word_1_11' title='bbox 1408 214 1660 257; x_wconf 79' lang='lat' dir='ltr'>subsecutor</span> <span class='ocrx_word' id='word_1_12' title='bbox 1703 230 1853 257; x_wconf 87' lang='lat' dir='ltr'>ascen-</span> 
     </span>
     <span class='ocr_line' id='line_1_3' title="bbox 289 284 1852 341; baseline -0.002 -12"><span class='ocrx_word' id='word_1_13' title='bbox 289 289 378 340; x_wconf 80' lang='lat' dir='ltr'>dat,</span> <span class='ocrx_word' id='word_1_14' title='bbox 411 294 458 328; x_wconf 91' lang='lat' dir='ltr'>ut</span> <span class='ocrx_word' id='word_1_15' title='bbox 490 285 696 327; x_wconf 83' lang='lat' dir='ltr'>videlicet</span> <span class='ocrx_word' id='word_1_16' title='bbox 736 284 783 327; x_wconf 85' lang='lat' dir='ltr'>C.</span> <span class='ocrx_word' id='word_1_17' title='bbox 817 293 1024 341; x_wconf 87' lang='lat' dir='ltr'>sequatur</span> <span class='ocrx_word' id='word_1_18' title='bbox 1058 285 1120 326; x_wconf 88' lang='lat' dir='ltr'>F:</span> <span class='ocrx_word' id='word_1_19' title='bbox 1153 284 1188 325; x_wconf 59' lang='grc' dir='ltr'>ἃ</span> <span class='ocrx_word' id='word_1_20' title='bbox 1222 286 1278 329; x_wconf 88' lang='lat' dir='ltr'>D.</span> <span class='ocrx_word' id='word_1_21' title='bbox 1313 291 1522 341; x_wconf 85' lang='lat' dir='ltr'>sequatur</span> <span class='ocrx_word' id='word_1_22' title='bbox 1556 284 1610 326; x_wconf 78' lang='lat' dir='ltr'>G.</span> <span class='ocrx_word' id='word_1_23' title='bbox 1636 286 1671 326; x_wconf 63' lang='grc' dir='ltr'>ἃ</span> <span class='ocrx_word' id='word_1_24' title='bbox 1699 286 1753 327; x_wconf 87' lang='grc' dir='ltr'>Ε.</span> <span class='ocrx_word' id='word_1_25' title='bbox 1786 300 1852 326; x_wconf 88' lang='lat' dir='ltr'>se-</span> 
     </span>
     <span class='ocr_line' id='line_1_4' title="bbox 289 356 1852 414; baseline -0.001 -14"><span class='ocrx_word' id='word_1_26' title='bbox 289 365 449 414; x_wconf 84' lang='lat' dir='ltr'>quatur</span> <span class='ocrx_word' id='word_1_27' title='bbox 495 373 537 398; x_wconf 80' lang='grc' dir='ltr'>α.</span> <span class='ocrx_word' id='word_1_28' title='bbox 583 362 613 399; x_wconf 72' lang='lat' dir='ltr'>Sc</span> <span class='ocrx_word' id='word_1_29' title='bbox 657 356 838 412; x_wconf 87' lang='lat' dir='ltr'>reliqua.</span> <span class='ocrx_word' id='word_1_30' title='bbox 879 356 1079 412; x_wconf 86' lang='lat' dir='ltr'>Denique</span> <span class='ocrx_word' id='word_1_31' title='bbox 1127 364 1285 413; x_wconf 67' lang='lat' dir='ltr'>practer</span> <span class='ocrx_word' id='word_1_32' title='bbox 1315 357 1329 410; x_wconf 65' lang='lat' dir='ltr'>kq</span> <span class='ocrx_word' id='word_1_33' title='bbox 1362 356 1621 412; x_wconf 77' lang='lat' dir='ltr'>quadratam</span> <span class='ocrx_word' id='word_1_34' title='bbox 1667 356 1852 413; x_wconf 84' lang='lat' dir='ltr'>singulis</span> 
     </span>
     <span class='ocr_line' id='line_1_5' title="bbox 289 427 1851 484; baseline 0.001 -15"><span class='ocrx_word' id='word_1_35' title='bbox 289 429 467 471; x_wconf 87' lang='lat' dir='ltr'>vocibus</span> <span class='ocrx_word' id='word_1_36' title='bbox 500 428 771 469; x_wconf 80' lang='lat' dir='ltr'>diatessaron</span> <span class='ocrx_word' id='word_1_37' title='bbox 803 427 963 479; x_wconf 89' lang='lat' dir='ltr'>subest,</span> <span class='ocrx_word' id='word_1_38' title='bbox 991 428 1107 469; x_wconf 90' lang='lat' dir='ltr'>unde</span> <span class='ocrx_word' id='word_1_39' title='bbox 1129 430 1173 469; x_wconf 91' lang='lat' dir='ltr'>in</span> <span class='ocrx_word' id='word_1_40' title='bbox 1200 427 1360 484; x_wconf 90' lang='lat' dir='ltr'>quibus</span> <span class='ocrx_word' id='word_1_41' title='bbox 1393 427 1748 469; x_wconf 72' lang='lat' dir='ltr'>distinctionibus</span> <span class='ocrx_word' id='word_1_42' title='bbox 1775 428 1851 470; x_wconf 89' lang='lat' dir='ltr'>illa</span> 
     </span>
     <span class='ocr_line' id='line_1_6' title="bbox 288 498 1853 555; baseline -0.001 -13"><span class='ocrx_word' id='word_1_43' title='bbox 288 501 432 553; x_wconf 88' lang='lat' dir='ltr'>fuerit,</span> <span class='ocrx_word' id='word_1_44' title='bbox 473 498 524 541; x_wconf 55' lang='lat' dir='ltr'>G‘.</span> <span class='ocrx_word' id='word_1_45' title='bbox 558 500 647 540; x_wconf 82' lang='lat' dir='ltr'>vim</span> <span class='ocrx_word' id='word_1_46' title='bbox 675 500 827 554; x_wconf 83' lang='lat' dir='ltr'>organi</span> <span class='ocrx_word' id='word_1_47' title='bbox 859 499 1112 555; x_wconf 86' lang='lat' dir='ltr'>possidebit.</span> <span class='ocrx_word' id='word_1_48' title='bbox 1147 499 1274 552; x_wconf 76' lang='lat' dir='ltr'>Quod</span> <span class='ocrx_word' id='word_1_49' title='bbox 1307 507 1399 540; x_wconf 90' lang='lat' dir='ltr'>tum</span> <span class='ocrx_word' id='word_1_50' title='bbox 1432 501 1501 553; x_wconf 83' lang='lat' dir='ltr'>sit,</span> <span class='ocrx_word' id='word_1_51' title='bbox 1529 500 1565 540; x_wconf 88' lang='lat' dir='ltr'>si</span> <span class='ocrx_word' id='word_1_52' title='bbox 1597 505 1672 540; x_wconf 88' lang='lat' dir='ltr'>aut</span> <span class='ocrx_word' id='word_1_53' title='bbox 1698 505 1853 541; x_wconf 86' lang='lat' dir='ltr'>cantus</span> 
     </span>
     <span class='ocr_line' id='line_1_7' title="bbox 287 569 1852 626; baseline 0 -14"><span class='ocrx_word' id='word_1_54' title='bbox 287 571 344 612; x_wconf 81' lang='lat' dir='ltr'>ad</span> <span class='ocrx_word' id='word_1_55' title='bbox 375 572 429 612; x_wconf 81' lang='lat' dir='ltr'>F.</span> <span class='ocrx_word' id='word_1_56' title='bbox 464 569 714 623; x_wconf 79' lang='lat' dir='ltr'>descendat,</span> <span class='ocrx_word' id='word_1_57' title='bbox 759 577 836 612; x_wconf 83' lang='lat' dir='ltr'>aut</span> <span class='ocrx_word' id='word_1_58' title='bbox 885 570 1178 626; x_wconf 82' lang='lat' dir='ltr'>subsequitur,</span> <span class='ocrx_word' id='word_1_59' title='bbox 1225 577 1301 612; x_wconf 89' lang='lat' dir='ltr'>aut</span> <span class='ocrx_word' id='word_1_60' title='bbox 1342 572 1385 611; x_wconf 90' lang='lat' dir='ltr'>in</span> <span class='ocrx_word' id='word_1_61' title='bbox 1433 569 1485 612; x_wconf 82' lang='lat' dir='ltr'>G.</span> <span class='ocrx_word' id='word_1_62' title='bbox 1529 570 1852 612; x_wconf 87' lang='lat' dir='ltr'>distinctionem</span> 
     </span>
     <span class='ocr_line' id='line_1_8' title="bbox 287 636 1853 699; baseline -0.001 -16"><span class='ocrx_word' id='word_1_63' title='bbox 287 643 434 699; x_wconf 76' lang='lat' dir='ltr'>faciat,</span> <span class='ocrx_word' id='word_1_64' title='bbox 468 641 525 683; x_wconf 89' lang='lat' dir='ltr'>ad</span> <span class='ocrx_word' id='word_1_65' title='bbox 565 640 617 683; x_wconf 76' lang='lat' dir='ltr'>G.</span> <span class='ocrx_word' id='word_1_66' title='bbox 652 651 681 687; x_wconf 62' lang='lat'>&amp;-</span> <span class='ocrx_word' id='word_1_67' title='bbox 712 657 753 683; x_wconf 86' lang='grc' dir='ltr'>α.</span> <span class='ocrx_word' id='word_1_68' title='bbox 786 643 991 696; x_wconf 84' lang='lat' dir='ltr'>congruis</span> <span class='ocrx_word' id='word_1_69' title='bbox 1017 642 1122 684; x_wconf 87' lang='lat' dir='ltr'>locis</span> <span class='ocrx_word' id='word_1_70' title='bbox 1148 643 1204 683; x_wconf 81' lang='lat' dir='ltr'>F.</span> <span class='ocrx_word' id='word_1_71' title='bbox 1224 641 1504 698; x_wconf 86' lang='lat' dir='ltr'>subsequitur</span> <span class='ocrx_word' id='word_1_72' title='bbox 1530 643 1566 683; x_wconf 90' lang='lat' dir='ltr'>si</span> <span class='ocrx_word' id='word_1_73' title='bbox 1594 642 1638 682; x_wconf 89' lang='lat' dir='ltr'>in</span> <span class='ocrx_word' id='word_1_74' title='bbox 1665 641 1719 684; x_wconf 74' lang='lat' dir='ltr'>G.</span> <span class='ocrx_word' id='word_1_75' title='bbox 1752 636 1853 683; x_wconf 61' lang='lat' dir='ltr'>‘vero</span> 
     </span>
     <span class='ocr_line' id='line_1_9' title="bbox 286 712 1854 769; baseline -0.001 -14"><span class='ocrx_word' id='word_1_76' title='bbox 286 720 440 756; x_wconf 85' lang='lat' dir='ltr'>cantus</span> <span class='ocrx_word' id='word_1_77' title='bbox 475 729 559 756; x_wconf 91' lang='lat' dir='ltr'>non</span> <span class='ocrx_word' id='word_1_78' title='bbox 593 714 808 767; x_wconf 82' lang='lat' dir='ltr'>terminet,</span> <span class='ocrx_word' id='word_1_79' title='bbox 844 714 898 754; x_wconf 84' lang='lat' dir='ltr'>F.</span> <span class='ocrx_word' id='word_1_80' title='bbox 931 729 1029 755; x_wconf 84' lang='lat' dir='ltr'>cum</span> <span class='ocrx_word' id='word_1_81' title='bbox 1054 722 1187 756; x_wconf 86' lang='lat' dir='ltr'>cantu</span> <span class='ocrx_word' id='word_1_82' title='bbox 1214 715 1305 754; x_wconf 84' lang='lat' dir='ltr'>vim</span> <span class='ocrx_word' id='word_1_83' title='bbox 1333 714 1484 769; x_wconf 83' lang='lat' dir='ltr'>organi</span> <span class='ocrx_word' id='word_1_84' title='bbox 1508 713 1716 755; x_wconf 89' lang='lat' dir='ltr'>admittit.</span> <span class='ocrx_word' id='word_1_85' title='bbox 1743 712 1854 755; x_wconf 85' lang='lat' dir='ltr'>Cum</span> 
     </span>
     <span class='ocr_line' id='line_1_10' title="bbox 287 783 1854 840; baseline -0.002 -13"><span class='ocrx_word' id='word_1_86' title='bbox 287 801 389 827; x_wconf 89' lang='lat' dir='ltr'>vero</span> <span class='ocrx_word' id='word_1_87' title='bbox 423 786 459 827; x_wconf 81' lang='lat' dir='ltr'>b.</span> <span class='ocrx_word' id='word_1_88' title='bbox 494 785 634 826; x_wconf 86' lang='lat' dir='ltr'>mollis</span> <span class='ocrx_word' id='word_1_89' title='bbox 666 792 868 826; x_wconf 79' lang='lat' dir='ltr'>versatur</span> <span class='ocrx_word' id='word_1_90' title='bbox 900 785 945 826; x_wconf 91' lang='lat' dir='ltr'>in</span> <span class='ocrx_word' id='word_1_91' title='bbox 968 791 1114 839; x_wconf 83' lang='lat' dir='ltr'>cantu,</span> <span class='ocrx_word' id='word_1_92' title='bbox 1143 786 1196 826; x_wconf 84' lang='lat' dir='ltr'>F.</span> <span class='ocrx_word' id='word_1_93' title='bbox 1225 785 1444 840; x_wconf 77' lang='lat' dir='ltr'>organalis</span> <span class='ocrx_word' id='word_1_94' title='bbox 1477 785 1574 826; x_wconf 84' lang='lat' dir='ltr'>erit.</span> <span class='ocrx_word' id='word_1_95' title='bbox 1608 783 1719 827; x_wconf 85' lang='lat' dir='ltr'>Cum</span> <span class='ocrx_word' id='word_1_96' title='bbox 1752 798 1854 840; x_wconf 87' lang='lat' dir='ltr'>ergo</span> 
     </span>
     <span class='ocr_line' id='line_1_11' title="bbox 286 856 1854 913; baseline -0.001 -15"><span class='ocrx_word' id='word_1_97' title='bbox 286 858 417 899; x_wconf 87' lang='lat' dir='ltr'>tritus</span> <span class='ocrx_word' id='word_1_98' title='bbox 458 857 566 899; x_wconf 85' lang='lat' dir='ltr'>adeo</span> <span class='ocrx_word' id='word_1_99' title='bbox 609 857 855 913; x_wconf 61' lang='lat' dir='ltr'>diaphonia}</span> <span class='ocrx_word' id='word_1_100' title='bbox 898 856 1094 898; x_wconf 87' lang='lat' dir='ltr'>obtineat</span> <span class='ocrx_word' id='word_1_101' title='bbox 1141 858 1450 913; x_wconf 73' lang='lat' dir='ltr'>principatum,</span> <span class='ocrx_word' id='word_1_102' title='bbox 1489 863 1538 898; x_wconf 89' lang='lat' dir='ltr'>ut</span> <span class='ocrx_word' id='word_1_103' title='bbox 1583 857 1854 912; x_wconf 86' lang='lat' dir='ltr'>aptissimum</span> 
     </span>
     <span class='ocr_line' id='line_1_12' title="bbox 287 927 1855 985; baseline -0.001 -16"><span class='ocrx_word' id='word_1_104' title='bbox 287 943 418 985; x_wconf 86' lang='lat' dir='ltr'>supra</span> <span class='ocrx_word' id='word_1_105' title='bbox 455 936 632 970; x_wconf 70' lang='lat' dir='ltr'>caeteros</span> <span class='ocrx_word' id='word_1_106' title='bbox 668 928 863 970; x_wconf 84' lang='lat' dir='ltr'>obtineat</span> <span class='ocrx_word' id='word_1_107' title='bbox 897 927 1052 984; x_wconf 82' lang='lat' dir='ltr'>locum,</span> <span class='ocrx_word' id='word_1_108' title='bbox 1087 929 1286 970; x_wconf 86' lang='lat' dir='ltr'>videmus</span> <span class='ocrx_word' id='word_1_109' title='bbox 1333 944 1359 969; x_wconf 89' lang='lat' dir='ltr'>a</span> <span class='ocrx_word' id='word_1_110' title='bbox 1405 927 1618 983; x_wconf 80' lang='lat' dir='ltr'>Gregorio</span> <span class='ocrx_word' id='word_1_111' title='bbox 1656 942 1742 969; x_wconf 86' lang='lat' dir='ltr'>nou</span> <span class='ocrx_word' id='word_1_112' title='bbox 1775 928 1855 968; x_wconf 88' lang='lat' dir='ltr'>im-</span> 
     </span>
     <span class='ocr_line' id='line_1_13' title="bbox 288 999 1854 1056; baseline -0.001 -15"><span class='ocrx_word' id='word_1_113' title='bbox 288 1001 441 1042; x_wconf 83' lang='lat' dir='ltr'>merito</span> <span class='ocrx_word' id='word_1_114' title='bbox 468 1000 564 1056; x_wconf 84' lang='lat' dir='ltr'>plus</span> <span class='ocrx_word' id='word_1_115' title='bbox 586 1000 753 1042; x_wconf 79' lang='lat' dir='ltr'>caeteris</span> <span class='ocrx_word' id='word_1_116' title='bbox 781 999 961 1041; x_wconf 88' lang='lat' dir='ltr'>vocibus</span> <span class='ocrx_word' id='word_1_117' title='bbox 988 1000 1257 1041; x_wconf 80' lang='lat' dir='ltr'>adamatum.</span> <span class='ocrx_word' id='word_1_118' title='bbox 1285 1000 1461 1041; x_wconf 83' lang='lat' dir='ltr'>Etenim</span> <span class='ocrx_word' id='word_1_119' title='bbox 1487 1000 1622 1041; x_wconf 83' lang='lat' dir='ltr'>multa</span> <span class='ocrx_word' id='word_1_120' title='bbox 1646 999 1854 1040; x_wconf 86' lang='lat' dir='ltr'>melorum</span> 
     </span>
     <span class='ocr_line' id='line_1_14' title="bbox 286 1070 1855 1128; baseline -0.001 -15"><span class='ocrx_word' id='word_1_121' title='bbox 286 1072 520 1128; x_wconf 77' lang='lat' dir='ltr'>principia,</span> <span class='ocrx_word' id='word_1_122' title='bbox 555 1079 584 1116; x_wconf 63' lang='grc' dir='ltr'><strong>ὣ</strong></span> <span class='ocrx_word' id='word_1_123' title='bbox 616 1072 827 1128; x_wconf 87' lang='lat' dir='ltr'>plurimas</span> <span class='ocrx_word' id='word_1_124' title='bbox 860 1073 1209 1128; x_wconf 81' lang='lat' dir='ltr'>repercussiones</span> <span class='ocrx_word' id='word_1_125' title='bbox 1241 1071 1374 1124; x_wconf 88' lang='lat' dir='ltr'>dedit,</span> <span class='ocrx_word' id='word_1_126' title='bbox 1403 1078 1452 1113; x_wconf 90' lang='lat' dir='ltr'>ut</span> <span class='ocrx_word' id='word_1_127' title='bbox 1472 1086 1597 1127; x_wconf 81' lang='lat' dir='ltr'>saepe,</span> <span class='ocrx_word' id='word_1_128' title='bbox 1626 1072 1661 1112; x_wconf 92' lang='lat' dir='ltr'>si</span> <span class='ocrx_word' id='word_1_129' title='bbox 1689 1070 1742 1112; x_wconf 90' lang='lat' dir='ltr'>de</span> <span class='ocrx_word' id='word_1_130' title='bbox 1764 1070 1855 1111; x_wconf 88' lang='lat' dir='ltr'>eius</span> 
     </span>
     <span class='ocr_line' id='line_1_15' title="bbox 286 1142 1856 1200; baseline -0.001 -16"><span class='ocrx_word' id='word_1_131' title='bbox 286 1150 420 1184; x_wconf 82' lang='lat' dir='ltr'>cantu</span> <span class='ocrx_word' id='word_1_132' title='bbox 452 1145 545 1185; x_wconf 90' lang='lat' dir='ltr'>triti</span> <span class='ocrx_word' id='word_1_133' title='bbox 578 1144 632 1185; x_wconf 90' lang='grc' dir='ltr'>Ε.</span> <span class='ocrx_word' id='word_1_134' title='bbox 665 1153 695 1190; x_wconf 63' lang='grc' dir='ltr'><strong>ὣ</strong></span> <span class='ocrx_word' id='word_1_135' title='bbox 726 1160 746 1185; x_wconf 81' lang='lat' dir='ltr'>c</span> <span class='ocrx_word' id='word_1_136' title='bbox 780 1143 1079 1200; x_wconf 77' lang='lat' dir='ltr'>subtrahatur,</span> <span class='ocrx_word' id='word_1_137' title='bbox 1114 1158 1246 1200; x_wconf 83' lang='lat' dir='ltr'>prope</span> <span class='ocrx_word' id='word_1_138' title='bbox 1281 1143 1560 1185; x_wconf 86' lang='lat' dir='ltr'>medietatem</span> <span class='ocrx_word' id='word_1_139' title='bbox 1603 1143 1752 1183; x_wconf 88' lang='lat' dir='ltr'>tulisse</span> <span class='ocrx_word' id='word_1_140' title='bbox 1790 1142 1856 1182; x_wconf 88' lang='lat' dir='ltr'>vi-</span> 
     </span>
     <span class='ocr_line' id='line_1_16' title="bbox 287 1212 1854 1271; baseline -0.001 -16"><span class='ocrx_word' id='word_1_141' title='bbox 287 1215 444 1256; x_wconf 84' lang='lat' dir='ltr'>dearis.</span> <span class='ocrx_word' id='word_1_142' title='bbox 471 1214 731 1271; x_wconf 82' lang='lat' dir='ltr'>Diaphoniae</span> <span class='ocrx_word' id='word_1_143' title='bbox 755 1220 975 1271; x_wconf 64' lang='lat' dir='ltr'>praecepta</span> <span class='ocrx_word' id='word_1_144' title='bbox 1002 1215 1105 1256; x_wconf 86' lang='lat' dir='ltr'>data</span> <span class='ocrx_word' id='word_1_145' title='bbox 1128 1222 1242 1268; x_wconf 86' lang='lat' dir='ltr'>sunt,</span> <span class='ocrx_word' id='word_1_146' title='bbox 1267 1230 1363 1270; x_wconf 63' lang='lat' dir='ltr'>quae</span> <span class='ocrx_word' id='word_1_147' title='bbox 1386 1215 1420 1256; x_wconf 91' lang='lat' dir='ltr'>si</span> <span class='ocrx_word' id='word_1_148' title='bbox 1446 1213 1658 1270; x_wconf 80' lang='lat' dir='ltr'>exemplis</span> <span class='ocrx_word' id='word_1_149' title='bbox 1685 1212 1854 1268; x_wconf 74' lang='lat' dir='ltr'>probes,</span> 
     </span>
     <span class='ocr_line' id='line_1_17' title="bbox 289 1286 758 1342; baseline 0.002 -15"><span class='ocrx_word' id='word_1_150' title='bbox 289 1286 479 1342; x_wconf 85' lang='lat' dir='ltr'>perfecte</span> <span class='ocrx_word' id='word_1_151' title='bbox 512 1301 758 1342; x_wconf 80' lang='lat' dir='ltr'>cognosccS.</span> 
     </span>
    </p>
   </div>
   <div class='ocr_carea' id='block_1_3' title="bbox 895 1589 1246 1632">
    <p class='ocr_par' dir='ltr' id='par_1_3' title="bbox 895 1589 1246 1632">
     <span class='ocr_line' id='line_1_18' title="bbox 895 1589 1246 1632; baseline -0.003 -1"><span class='ocrx_word' id='word_1_152' title='bbox 895 1589 1098 1632; x_wconf 81' lang='lat' dir='ltr'>CAPUT</span> <span class='ocrx_word' id='word_1_153' title='bbox 1132 1589 1246 1630; x_wconf 88' lang='lat' dir='ltr'>XIX</span> 
     </span>
    </p>
   </div>
   <div class='ocr_carea' id='block_1_4' title="bbox 548 1735 1598 1764">
    <p class='ocr_par' dir='ltr' id='par_1_4' title="bbox 548 1735 1598 1764">
     <span class='ocr_line' id='line_1_19' title="bbox 548 1735 1598 1764; baseline 0 0"><span class='ocrx_word' id='word_1_154' title='bbox 548 1736 696 1764; x_wconf 78' lang='lat' dir='ltr'>DtCTAE</span> <span class='ocrx_word' id='word_1_155' title='bbox 728 1735 987 1763; x_wconf 78' lang='lat' dir='ltr'><strong>DlAPHONIAE</strong></span> <span class='ocrx_word' id='word_1_156' title='bbox 1020 1736 1102 1763; x_wconf 78' lang='lat' dir='ltr'>PER</span> <span class='ocrx_word' id='word_1_157' title='bbox 1135 1735 1347 1764; x_wconf 83' lang='lat' dir='ltr'>EXEMPLA</span> <span class='ocrx_word' id='word_1_158' title='bbox 1380 1735 1598 1764; x_wconf 78' lang='lat' dir='ltr'>PROBATIO</span> 
     </span>
    </p>
   </div>
   <div class='ocr_carea' id='block_1_5' title="bbox 282 1946 1855 2075">
    <p class='ocr_par' dir='ltr' id='par_1_5' title="bbox 282 1946 1855 2075">
     <span class='ocr_line' id='line_1_20' title="bbox 341 1946 1855 2002; baseline 0 -14"><span class='ocrx_word' id='word_1_159' title='bbox 341 1948 486 2002; x_wconf 80' lang='lat' dir='ltr'>Igitur</span> <span class='ocrx_word' id='word_1_160' title='bbox 519 1962 543 1988; x_wconf 84' lang='lat' dir='ltr'>a</span> <span class='ocrx_word' id='word_1_161' title='bbox 576 1947 679 1988; x_wconf 85' lang='lat' dir='ltr'>trito</span> <span class='ocrx_word' id='word_1_162' title='bbox 713 1961 798 1988; x_wconf 92' lang='lat' dir='ltr'>non</span> <span class='ocrx_word' id='word_1_163' title='bbox 831 1946 1087 2002; x_wconf 85' lang='lat' dir='ltr'>deponimus</span> <span class='ocrx_word' id='word_1_164' title='bbox 1123 1961 1349 2001; x_wconf 84' lang='lat' dir='ltr'>organum,</span> <span class='ocrx_word' id='word_1_165' title='bbox 1385 1948 1477 1988; x_wconf 89' lang='lat' dir='ltr'>sive</span> <span class='ocrx_word' id='word_1_166' title='bbox 1511 1947 1554 1988; x_wconf 90' lang='lat' dir='ltr'>in</span> <span class='ocrx_word' id='word_1_167' title='bbox 1589 1961 1650 2000; x_wconf 90' lang='lat' dir='ltr'>eo,</span> <span class='ocrx_word' id='word_1_168' title='bbox 1686 1947 1775 1988; x_wconf 86' lang='lat' dir='ltr'>sive</span> <span class='ocrx_word' id='word_1_169' title='bbox 1810 1948 1855 1988; x_wconf 91' lang='lat' dir='ltr'>in</span> 
     </span>
     <span class='ocr_line' id='line_1_21' title="bbox 282 2017 1093 2075; baseline -0.001 -15"><span class='ocrx_word' id='word_1_170' title='bbox 282 2018 566 2075; x_wconf 83' lang='lat' dir='ltr'>sequentibus</span> <span class='ocrx_word' id='word_1_171' title='bbox 600 2018 793 2071; x_wconf 83' lang='lat' dir='ltr'>finiatur,</span> <span class='ocrx_word' id='word_1_172' title='bbox 826 2017 906 2059; x_wconf 89' lang='lat' dir='ltr'>hoc</span> <span class='ocrx_word' id='word_1_173' title='bbox 940 2017 1093 2059; x_wconf 88' lang='lat' dir='ltr'>modo:</span> 
     </span>
    </p>
   </div>
   <div class='ocr_carea' id='block_1_6' title="bbox 685 2256 689 2359">
    <p class='ocr_par' dir='ltr' id='par_1_6' title="bbox 685 2256 689 2359">
     <span class='ocr_line' id='line_1_22' title="bbox 685 2256 689 2359; baseline 0 0"><span class='ocrx_word' id='word_1_174' title='bbox 685 2256 689 2359; x_wconf 95' lang='lat' dir='ltr'> </span> 
     </span>
    </p>
   </div>
   <div class='ocr_carea' id='block_1_7' title="bbox 860 2255 1546 2359">
    <p class='ocr_par' dir='ltr' id='par_1_7' title="bbox 860 2255 1546 2359">
     <span class='ocr_line' id='line_1_23' title="bbox 860 2255 1546 2359; baseline 0.012 -8"><span class='ocrx_word' id='word_1_175' title='bbox 860 2258 865 2351; x_wconf 73' lang='grc' dir='ltr'>ἱ</span> <span class='ocrx_word' id='word_1_176' title='bbox 1119 2255 1124 2359; x_wconf 85' lang='grc' dir='ltr'>Ι</span> <span class='ocrx_word' id='word_1_177' title='bbox 1207 2294 1209 2323; x_wconf 57' lang='grc'><strong>“</strong></span> <span class='ocrx_word' id='word_1_178' title='bbox 1545 2259 1546 2299; x_wconf 59' lang='lat'><em>*</em></span> 
     </span>
    </p>
   </div>
   <div class='ocr_carea' id='block_1_8' title="bbox 576 2194 1552 2422">
    <p class='ocr_par' dir='ltr' id='par_1_8' title="bbox 576 2194 1552 2422">
     <span class='ocr_line' id='line_1_24' title="bbox 584 2194 1552 2230; baseline 0.001 -1"><span class='ocrx_word' id='word_1_179' title='bbox 584 2194 1552 2230; x_wconf 77' lang='lat' dir='ltr'><strong><em>FFGGFFDE1‹EDC</em></strong></span> 
     </span>
     <span class='ocr_line' id='line_1_25' title="bbox 576 2259 1137 2422; baseline -0.004 -24"><span class='ocrx_word' id='word_1_180' title='bbox 576 2259 706 2422; x_wconf 55' lang='lat' dir='ltr'>lipsi</span> <span class='ocrx_word' id='word_1_181' title='bbox 846 2373 886 2397; x_wconf 77' lang='lat' dir='ltr'>so</span> <span class='ocrx_word' id='word_1_182' title='bbox 1109 2362 1137 2397; x_wconf 67' lang='lat'>12?</span> 
     </span>
    </p>
   </div>
   <div class='ocr_carea' id='block_1_9' title="bbox 1460 2258 1465 2411">
    <p class='ocr_par' dir='ltr' id='par_1_9' title="bbox 1460 2258 1465 2411">
     <span class='ocr_line' id='line_1_26' title="bbox 1460 2258 1465 2411; baseline 0 771"><span class='ocrx_word' id='word_1_183' title='bbox 1460 2258 1465 2411; x_wconf 95' lang='lat' dir='ltr'> </span> 
     </span>
    </p>
   </div>
   <div class='ocr_carea' id='block_1_10' title="bbox 1289 2255 1297 2504">
    <p class='ocr_par' dir='ltr' id='par_1_10' title="bbox 1289 2255 1297 2504">
     <span class='ocr_line' id='line_1_27' title="bbox 1289 2255 1297 2504; baseline 0 678"><span class='ocrx_word' id='word_1_184' title='bbox 1289 2255 1297 2504; x_wconf 95' lang='lat' dir='ltr'> </span> 
     </span>
    </p>
   </div>
   <div class='ocr_carea' id='block_1_11' title="bbox 1374 2255 1380 2505">
    <p class='ocr_par' dir='ltr' id='par_1_11' title="bbox 1374 2255 1380 2505">
     <span class='ocr_line' id='line_1_28' title="bbox 1374 2255 1380 2505; baseline 0 677"><span class='ocrx_word' id='word_1_185' title='bbox 1374 2255 1380 2505; x_wconf 95' lang='lat' dir='ltr'> </span> 
     </span>
    </p>
   </div>
   <div class='ocr_carea' id='block_1_12' title="bbox 1544 2301 1547 2530">
    <p class='ocr_par' dir='ltr' id='par_1_12' title="bbox 1544 2301 1547 2530">
     <span class='ocr_line' id='line_1_29' title="bbox 1544 2301 1547 2530; baseline 0 652"><span class='ocrx_word' id='word_1_186' title='bbox 1544 2301 1547 2530; x_wconf 95' lang='lat' dir='ltr'> </span> 
     </span>
    </p>
   </div>
   <div class='ocr_carea' id='block_1_13' title="bbox 1206 2325 1213 2574">
    <p class='ocr_par' dir='ltr' id='par_1_13' title="bbox 1206 2325 1213 2574">
     <span class='ocr_line' id='line_1_30' title="bbox 1206 2325 1213 2574; baseline 0 608"><span class='ocrx_word' id='word_1_187' title='bbox 1206 2325 1213 2574; x_wconf 95' lang='lat' dir='ltr'> </span> 
     </span>
    </p>
   </div>
   <div class='ocr_carea' id='block_1_14' title="bbox 1462 2414 1465 2569">
    <p class='ocr_par' dir='ltr' id='par_1_14' title="bbox 1462 2414 1465 2569">
     <span class='ocr_line' id='line_1_31' title="bbox 1462 2414 1465 2569; baseline 0 613"><span class='ocrx_word' id='word_1_188' title='bbox 1462 2414 1465 2569; x_wconf 95' lang='lat' dir='ltr'> </span> 
     </span>
    </p>
   </div>
   <div class='ocr_carea' id='block_1_15' title="bbox 601 2434 605 2575">
    <p class='ocr_par' dir='ltr' id='par_1_15' title="bbox 601 2434 605 2575">
     <span class='ocr_line' id='line_1_32' title="bbox 601 2434 605 2575; baseline 0 0"><span class='ocrx_word' id='word_1_189' title='bbox 601 2434 605 2575; x_wconf 95' lang='lat' dir='ltr'> </span> 
     </span>
    </p>
   </div>
   <div class='ocr_carea' id='block_1_16' title="bbox 688 2435 694 2573">
    <p class='ocr_par' dir='ltr' id='par_1_16' title="bbox 688 2435 694 2573">
     <span class='ocr_line' id='line_1_33' title="bbox 688 2435 694 2573; baseline 0 609"><span class='ocrx_word' id='word_1_190' title='bbox 688 2435 694 2573; x_wconf 95' lang='lat' dir='ltr'> </span> 
     </span>
    </p>
   </div>
   <div class='ocr_carea' id='block_1_17' title="bbox 862 2434 867 2576">
    <p class='ocr_par' dir='ltr' id='par_1_17' title="bbox 862 2434 867 2576">
     <span class='ocr_line' id='line_1_34' title="bbox 862 2434 867 2576; baseline 0 606"><span class='ocrx_word' id='word_1_191' title='bbox 862 2434 867 2576; x_wconf 95' lang='lat' dir='ltr'> </span> 
     </span>
    </p>
   </div>
   <div class='ocr_carea' id='block_1_18' title="bbox 597 2522 1555 2625">
    <p class='ocr_par' dir='ltr' id='par_1_18' title="bbox 597 2522 1555 2625">
     <span class='ocr_line' id='line_1_35' title="bbox 1379 2522 1382 2552; baseline 0 0"><span class='ocrx_word' id='word_1_192' title='bbox 1379 2522 1382 2552; x_wconf 75' lang='lat'>1</span> 
     </span>
     <span class='ocr_line' id='line_1_36' title="bbox 597 2533 1555 2625; baseline -0.001 0"><span class='ocrx_word' id='word_1_193' title='bbox 597 2533 1555 2625; x_wconf 40' lang='lat' dir='ltr'>C-CDDCCCGCCLOCl&#39;</span> 
     </span>
    </p>
   </div>
   <div class='ocr_carea' id='block_1_19' title="bbox 289 2718 1856 2848">
    <p class='ocr_par' dir='ltr' id='par_1_19' title="bbox 289 2718 1856 2848">
     <span class='ocr_line' id='line_1_37' title="bbox 350 2718 1855 2775; baseline -0.003 -12"><span class='ocrx_word' id='word_1_194' title='bbox 350 2722 462 2763; x_wconf 82' lang='lat' dir='ltr'>Ecce</span> <span class='ocrx_word' id='word_1_195' title='bbox 495 2720 594 2762; x_wconf 89' lang='lat' dir='ltr'>finis</span> <span class='ocrx_word' id='word_1_196' title='bbox 634 2721 931 2762; x_wconf 85' lang='lat' dir='ltr'>distinctionis</span> <span class='ocrx_word' id='word_1_197' title='bbox 967 2720 1012 2761; x_wconf 92' lang='lat' dir='ltr'>in</span> <span class='ocrx_word' id='word_1_198' title='bbox 1049 2720 1151 2761; x_wconf 88' lang='lat' dir='ltr'>trito</span> <span class='ocrx_word' id='word_1_199' title='bbox 1192 2718 1239 2761; x_wconf 85' lang='lat' dir='ltr'>C.</span> <span class='ocrx_word' id='word_1_200' title='bbox 1280 2735 1305 2761; x_wconf 86' lang='lat' dir='ltr'>a</span> <span class='ocrx_word' id='word_1_201' title='bbox 1349 2734 1431 2775; x_wconf 92' lang='lat' dir='ltr'>quo</span> <span class='ocrx_word' id='word_1_202' title='bbox 1472 2733 1559 2760; x_wconf 90' lang='lat' dir='ltr'>non</span> <span class='ocrx_word' id='word_1_203' title='bbox 1599 2718 1855 2775; x_wconf 87' lang='lat' dir='ltr'>deponimus</span> 
     </span>
     <span class='ocr_line' id='line_1_38' title="bbox 289 2789 1856 2848; baseline -0.002 -14"><span class='ocrx_word' id='word_1_204' title='bbox 289 2807 516 2848; x_wconf 77' lang='lat' dir='ltr'>organum,</span> <span class='ocrx_word' id='word_1_205' title='bbox 549 2793 651 2848; x_wconf 90' lang='lat' dir='ltr'>quia</span> <span class='ocrx_word' id='word_1_206' title='bbox 684 2807 770 2834; x_wconf 92' lang='lat' dir='ltr'>non</span> <span class='ocrx_word' id='word_1_207' title='bbox 804 2791 937 2833; x_wconf 84' lang='lat' dir='ltr'>habet</span> <span class='ocrx_word' id='word_1_208' title='bbox 971 2790 1050 2833; x_wconf 90' lang='lat' dir='ltr'>sub</span> <span class='ocrx_word' id='word_1_209' title='bbox 1084 2806 1128 2832; x_wconf 90' lang='lat' dir='ltr'>se</span> <span class='ocrx_word' id='word_1_210' title='bbox 1161 2798 1312 2833; x_wconf 89' lang='lat' dir='ltr'>tonum</span> <span class='ocrx_word' id='word_1_211' title='bbox 1346 2790 1415 2832; x_wconf 91' lang='lat' dir='ltr'>vel</span> <span class='ocrx_word' id='word_1_212' title='bbox 1449 2790 1661 2844; x_wconf 88' lang='lat' dir='ltr'>ditonum,</span> <span class='ocrx_word' id='word_1_213' title='bbox 1698 2789 1856 2846; x_wconf 85' lang='lat' dir='ltr'>quibus</span> 
     </span>
    </p>
   </div>
  </div>
 </body>
</html>
