1996 3150
695 259 844 295 GUIDO
871 259 1083 295 ARETINO
1361 307 1364 310 Α
1599 260 1675 306 4Οᾶ

166 355 224 396 Et
257 355 313 397 ad
347 357 519 412 quintas
552 372 576 398 a
610 357 730 399 finali
761 358 923 413 poterit
956 357 1232 411 descendere,

166 423 522 483 Quando'plagae
555 428 594 466 &
626 428 849 470 authentis
880 443 964 470 non
998 434 1098 470 sunt
1132 428 1387 479 differentiae

165 497 291 549 Quod
323 499 358 540 si
389 499 538 555 plagas
572 498 628 540 ab
661 499 881 552 authentis
914 501 1120 541 convenit
1152 499 1418 554 discernere,

164 569 311 624 Plagae
342 570 507 612 saliunt
538 571 592 611 ad
626 571 812 626 quintas,
833 584 925 612 'nec
956 570 1127 612 vadunt
1158 571 1356 625 ulterius,

164 641 223 682 Et
256 641 311 682 ad
344 643 519 697 quintas
551 642 811 683 declinando
843 642 926 684 sibi
959 643 1248 685 satisfaciunt.

165 711 227 753 At
259 712 455 754 authenti
488 713 544 754 ad
576 719 753 754 octavas
786 719 1083 769 competenter
1116 714 1280 756 saliunt

163 782 204 823 A
236 783 356 824 finali
389 798 475 824 uno
508 789 621 841 tono,
655 798 795 839 neque
828 784 991 825 cadunt
1024 785 1223 841 amplius.

165 855 288 896 Trito
321 861 446 897 tonus
478 871 577 897 cum
608 871 694 897 non
728 855 878 910 subsit,
911 856 1010 897 finis
1043 863 1107 898 est
1139 859 1437 912 gravissimus.

163 927 264 967 Fini
298 942 467 983 quoque
501 926 629 968 debet
660 942 752 968 esse
784 942 1022 969 consonum
1054 929 1332 985 principium.

92 1027 96 1032 .
164 997 292 1038 Unde
324 999 526 1054 quintum
560 1013 585 1038 a
616 997 736 1038 finali
770 1012 855 1039 non
887 999 1074 1040 excedat
1105 999 1338 1054 calculum,

163 1068 305 1123 Plagae
338 1084 442 1110 vero
476 1084 605 1124 super
638 1075 814 1124 quartas
835 1084 933 1110 =non
966 1069 1148 1111 tendant
1181 1072 1460 1127 principium.

163 1140 284 1181 Inter
315 1140 424 1182 alias
457 1140 647 1181 secunda
679 1155 768 1182 vox
798 1141 911 1182 iacet
944 1141 1163 1195 ignobilis,

168 1212 330 1254 Contra
362 1213 494 1253 tertia
526 1217 563 1255 ἃ
595 1218 720 1253 sexta
751 1212 1056 1268 frequentatur
1088 1214 1273 1269 saepius3

161 1283 297 1325 Cuius
328 1285 390 1324 rei
423 1283 530 1324 mihi
564 1283 685 1324 testis
718 1289 894 1325 sanctus
927 1290 990 1325 est
1024 1284 1280 1340 Gregorius3

160 1355 453 1411 Principalem
486 1370 655 1411 quoque
688 1370 792 1409 esse,
827 1357 929 1411 quia
961 1357 1100 1412 ipsam
1138 1358 1199 1411 (l)
1234 1359 1385 1400 noluit.

161 1427 380 1468 Deuterus
412 1427 646 1468 authentus
681 1428 831 1469 sumsit
862 1427 955 1469 loco
988 1429 1080 1469 eius
1113 1430 1304 1484 tertiam,

160 1498 299 1540 Cuius
332 1498 444 1551 finis,
478 1499 677 1554 quamvis
709 1505 848 1552 sexta,
883 1514 993 1555 saepe
1024 1500 1162 1555 ipsam
1197 1500 1386 1544 inchoat.

159 1569 299 1611 Multa
332 1576 477 1611 autem
510 1577 791 1626 usurpantur,
824 1586 904 1612 nec
937 1577 1140 1613 tenentur
1173 1573 1339 1627 regula,

161 1641 274 1694 Quia
307 1647 499 1697 tempore
532 1657 557 1682 a
589 1641 726 1683 multo
760 1643 848 1684 iam
882 1642 1080 1684 desuevit
1114 1645 1292 1698 musica,

159 1713 277 1753 Dum
309 1712 478 1754 invidia
510 1713 547 1751 ἃ
578 1719 726 1769 torpor
757 1719 915 1755 cuncta
947 1714 1103 1756 tollunt
1136 1715 1298 1757 studia.

155 1783 272 1825 Illud
304 1799 407 1825 vero
441 1783 529 1825 late
561 1790 695 1840 patet,
729 1785 835 1841 quid
866 1785 945 1827 fiat
977 1786 1032 1835 de
1063 1786 1260 1835 vocibus,

157 1855 289 1897 Velut
322 1855 515 1911 syllabae,
549 1857 587 1895 ὃ(
619 1862 778 1913 partes,
812 1856 907 1898 cola
940 1864 1072 1914 atque
1106 1866 1338 1901 commata.

155 1924 488 1983 Concinuntque
520 1942 632 1983 saepe
663 1943 814 1970 versus
846 1935 939 1970 arte
973 1930 1088 1971 sicut
1119 1931 1316 1973 metrica.

156 1998 265 2040 Solis
296 1998 456 2040 litteris
488 2005 638 2040 notare
671 2001 884 2054 optimum
917 2000 1215 2059 probavimus,

155 2069 325 2121 Quibus
356 2069 412 2111 ad
445 2070 701 2112 discendum
734 2077 911 2113 cantum
943 2071 1052 2114 nihil
1085 2079 1149 2115 est
1182 2073 1366 2117 facilius.

155 2141 200 2184 Si
233 2141 406 2183 assidue
437 2147 619 2187 utantur
651 2142 803 2184 saltem
835 2142 975 2185 tribus
1009 2144 1245 2187 mensibus.

403 2236 426 2269 (Z
498 2235 620 2281 necle
692 2236 989 2284 dccflcalq
1052 2250 1076 2273 α
1169 2249 1192 2273 α
1245 2240 1376 2275 GGG

393 2296 451 2331 Sit
498 2306 626 2331 nomen
676 2297 825 2331 Domini
873 2297 1098 2332 benedictum
1147 2299 1188 2333 in
1237 2300 1361 2334 secula

394 2354 658 2390 FGaGFG-
754 2355 795 2390 F
835 2357 875 2391 F
938 2357 978 2391 F
1019 2358 1183 2393 cFFF
1224 2359 1381 2394 DcDD

392 2413 658 2449 Audiutorium
708 2419 873 2450 nostrum
922 2416 963 2452 in
1011 2418 1155 2452 nomine
1204 2419 1359 2454 Domini

156 2497 300 2540 Causa
332 2513 433 2539 vero
465 2497 697 2541 breviandi
730 2515 897 2542 neumae
931 2501 1068 2543 solent
1101 2501 1209 2556 fieri,

152 2567 259 2620 Quae
291 2569 326 2610 si
359 2569 539 2611 curiosae
564 2569 686 2625 fiant,
720 2570 939 2613 habentur
969 2588 1048 2629 pro
1080 2573 1256 2629 litteris,

154 2639 250 2682 Hoc
283 2641 319 2682 si
351 2641 476 2683 modo
509 2641 796 2699 disponantur
828 2643 984 2686 litterae
1018 2659 1118 2686 cum
1151 2645 1278 2688 lineis
1315 2647 1377 2700 (2)

161 2811 173 2845 1
222 2812 268 2846 A.
295 2811 419 2847 voluit.

140 2811 197 2917 {23
222 2869 292 2906 Hic
332 2870 371 2906 in
409 2871 538 2908 codice
576 2878 770 2919 ponuntur
807 2874 916 2912 lineae
956 2888 1108 2920 vaeuae,
1144 2889 1228 2912 cum
1265 2876 1403 2914 litteris
1443 2877 1660 2915 initialibus

95 2932 259 2965 tantum.
