2012 3182
298 122 367 158 460
418 106 421 109 ’
889 120 1038 156 suino
1064 119 1275 155 ARETINO

299 221 405 258 Justi
434 213 650 270 epulentur.
1112 201 1297 257 Eitultate
1325 219 1418 257 Deo.

301 287 458 335 Respice
486 286 526 324 in
555 299 627 324 me.
1111 285 1220 323 Dixit
1246 285 1436 323 Dominus
1465 297 1549 335 ego.

298 351 433 390 Omni-s
462 363 569 402 gens.
1107 351 1296 401 Requiem
1326 352 1509 406 eternam.

1073 523 1111 561 II

298 652 625 697 zzz:
652 643 815 703 1⁶ss
933 652 968 686 -·
1075 643 1877 719 ,ῆῖῐεΞεΞἙΞῑ-ΞΞ

489 758 621 796 Gloria
904 757 1122 796 seculorum
1513 769 1637 796 amen.

989 849 1039 889 Os
1064 850 1176 901 justi.

924 1033 965 1059 IN
995 1033 1308 1060 COMMUNIONIBUS

491 1271 624 1310 Gloria
929 1271 1149 1309 seculorum
1556 1285 1680 1311 amen.

301 1374 451 1413 Diffusa
479 1376 537 1412 est
565 1374 705 1424 gratia.
1115 1373 1229 1412 Mitte
1258 1387 1431 1412 manum.

301 1440 396 1478 Ecce
423 1440 611 1479 Dominus
640 1439 781 1479 veniet.
1113 1440 1284 1478 Posuisti
1312 1439 1488 1478 Domine.

299 1506 346 1544 In
374 1507 653 1556 splendorlbus.
1112 1506 1171 1544 Tu
1200 1518 1237 1544 es
1267 1506 1420 1544 Petrus.

302 1572 480 1622 Quinque
510 1572 732 1622 prudentes,
1115 1570 1247 1611 Simon
1277 1572 1450 1611 Joannis.

300 1638 374 1684 Qui
405 1652 464 1676 me
495 1639 676 1690 dignatus
706 1639 775 1676 est.
1110 1638 1269 1677 Honora
1298 1638 1521 1676 Dominum.

299 1704 375 1750 Qui
403 1705 623 1743 manducat.
1112 1704 1222 1742 Dixit
1251 1705 1428 1743 Andreas

297 1770 446 1809 Pascha
474 1773 660 1809 nostrum.
1108 1770 1288 1809 Circuibo
1320 1772 1359 1810 et
1387 1771 1611 1810 immolabo.

298 1836 472 1876 Surrexit
500 1835 702 1876 Dominus.

350 1952 429 1990 Iste
459 1952 531 1990 due
561 1951 863 1998 communiones,
893 1964 969 2001 que
1007 1954 1235 2001 sequuntur,
1265 1952 1304 1990 id
1334 1953 1412 1990 est:
1442 1952 1607 1990 Panem
1636 1953 1682 1990 de
1711 1953 1804 2000 celo,
1837 1955 1876 1991 et

299 2019 449 2056 Anima
478 2023 622 2056 nostra
652 2018 804 2068 proprie
834 2020 925 2056 sunt
954 2017 1001 2055 de
1029 2018 1168 2067 quinto
1199 2020 1289 2056 tono
1320 2019 1359 2056 et
1388 2017 1433 2056 de
1455 2017 1625 2056 secunda
1644 2017 1875 2057 differentia.

298 2086 433 2123 Preter
472 2085 539 2122 hos
569 2086 720 2133 cantus,
751 2084 819 2134 qui
848 2085 981 2123 subter
1012 2082 1198 2133 descripti
1228 2086 1329 2132 sunt,
1359 2084 1431 2133 qui
1460 2096 1538 2122 esse
1568 2086 1731 2133 possunt
1760 2085 1799 2122 in
1834 2098 1877 2122 ea

299 2164 402 2198 voce,
434 2164 508 2200 que
538 2151 690 2189 duobus
721 2151 936 2189 intenditur
965 2151 1080 2198 tonis,
1121 2151 1159 2188 et
1187 2151 1405 2189 remittitur
1433 2151 1636 2189 semitonio
1667 2152 1706 2189 et
1726 2150 1875 2188 duobus

299 2218 400 2255 tonis
428 2218 488 2255 vel
518 2217 635 2256 etiam
664 2216 808 2264 tribus3
841 2218 932 2255 sunt
961 2217 1028 2254 alii
1057 2217 1268 2266 perplures,
1300 2216 1368 2266 qui
1398 2228 1476 2254 esse
1505 2228 1581 2254 non
1608 2218 1781 2265 possunt,
1802 2216 1876 2254 nisi

299 2283 337 2321 in
368 2296 412 2321 ea
440 2295 544 2330 voce,
575 2296 650 2333 que
680 2283 856 2322 elevatur
886 2296 952 2332 per
981 2283 1076 2321 duos
1112 2285 1223 2321 tonos
1254 2284 1292 2320 et
1322 2282 1533 2332 deponitur
1574 2285 1665 2321 tono
1696 2284 1735 2321 et
1763 2282 1875 2321 semi-

300 2349 421 2397 tonio,
442 2351 487 2387 ut
507 2352 565 2388 est
603 2352 643 2387 G.
674 2348 783 2394 Quod
813 2362 899 2388 cum
927 2349 1078 2388 venerit
1105 2348 1241 2387 multis
1262 2348 1335 2388 erit
1363 2349 1614 2398 impromtum
1643 2350 1778 2387 utrum
1806 2361 1876 2386 au-

298 2417 406 2454 tento
427 2415 600 2462 deutero,
622 2429 671 2454 an
688 2416 801 2466 plage
826 2416 991 2455 tetrardi
1011 2429 1077 2454 seu
1097 2414 1182 2454 triti
1215 2414 1476 2454 conFerantur.
1506 2414 1717 2454 Prudentia
1746 2415 1874 2453 autem

299 2483 338 2520 in
365 2482 475 2521 brevi
492 2483 619 2532 -plura
648 2483 812 2532 patebit.

300 2571 361 2629 R).
391 2579 648 2629 Aspiciebam.
678 2581 856 2619 Potestas
888 2581 981 2630 ejus.

441 2691 651 2696 ——-——
1010 2683 1691 2702 ——-—-———-——=—·—·——u

1788 2683 1881 2701 .—-

298 2690 1879 2767 }{{::‡:fi{{ss:{{{::ssziL-„-----4-—--

493 2798 626 2837 Gloria
841 2798 944 2848 patri
1160 2799 1198 2836 et
1413 2798 1491 2835 filio
1683 2799 1720 2834 et
