1996 3150
693 204 840 240 GUIDO
866 203 1076 239 ARETINO
1593 202 1659 236 379

110 289 254 341 nirent
269 300 489 355 gravibus,
512 307 548 343 ὅτ.
564 308 718 347 acutus
744 303 925 358 quisque
947 302 1098 343 modus
1125 291 1344 342 diceretur
1367 300 1660 352 authenticus,

111 371 157 412 id
188 378 266 425 est,
297 372 533 414 auctoralis
564 377 600 414 ἃ
633 374 861 429 princeps3
895 375 1043 429 gravis
1075 380 1221 415 autem
1253 372 1382 429 plaga
1414 379 1658 424 vocaretur,

110 443 154 484 id
180 450 257 497 est,
284 444 471 486 lateralis
494 448 529 485 St
557 446 708 486 minor.
734 444 817 496 Qui
833 446 955 502 ,6111111
982 446 1142 486 dicitur
1165 452 1279 486 stare
1306 444 1493 486 adlatus
1516 458 1662 485 meum

90 515 250 572 ‘minor
275 530 342 557 me
369 522 446 567 est,
473 523 676 558 caeterum
704 517 737 557 si
765 524 876 558 esset
902 517 1049 569 maior,
1078 531 1156 571 ego
1178 517 1324 572 aptius
1352 516 1519 557 dicerer
1545 522 1662 557 stare

108 586 163 627 ad
186 586 299 627 latu's
317 588 421 628 eius.
439 587 550 629 Cum
567 602 668 643 ergo
695 587 866 629 dicatur
889 588 1122 629 authentus
1145 595 1294 643 protus
1316 590 1352 627 ἅτ.
1373 587 1515 643 plagis
1533 588 1660 643 proti,

108 658 309 699 similiter
340 658 393 700 de
425 658 613 714 reliquis,
647 660 719 714 qui
754 660 1012 700 naturaliter
1045 661 1089 700 in
1121 659 1301 701 vocibus
1328 666 1453 700 erant
1479 665 1661 714 quatuor

108 728 251 783 divisi,
284 731 329 770 in
361 729 564 770 cantibus
591 729 696 770 facti
724 737 824 771 sunt
851 736 959 771 octo.
988 730 1152 771 Abusio
1179 736 1325 772 autem
1352 729 1488 771 tradit
1513 730 1661 771 latinis

109 799 253 841 dicere
286 815 362 856 pro
395 799 601 842 authento
634 807 755 856 proto
789 806 825 843 (ξι.
857 801 999 857 plagis
1031 804 1145 858 proti
1180 804 1344 858 primus
1372 808 1406 845 ἅι
1434 802 1660 855 secundus,

108 886 184 927 pro
217 871 423 921 authento
455 872 631 914 deutero
665 877 700 914 ἆ
737 874 875 928 plagis
903 874 1069 915 deuteri
1103 875 1256 916 tertius
1290 877 1324 914 &z
1358 867 1662 930 quartus‚‚pro

107 943 315 985 authento
344 945 443 985 triti
476 950 512 987 ἅ
545 944 685 1000 plagis
730 946 822 986 triti
863 947 1040 1001 quintus
1072 949 1107 987 ἅ
1151 953 1313 998 sextus,
1346 961 1423 1001 pro
1456 946 1662 1005 authento

107 1015 301 1056 tetrardo
334 1016 370 1054 ἆ
405 1015 546 1071 plagis
577 1016 761 1058 tetrardi
788 1018 998 1072 septimus
1029 1021 1065 1058 (ξι
1098 1024 1290 1058 octavus.

703 1242 904 1292 CAPUT
949 1244 1067 1286 XIII

208 1387 266 1415 DE
297 1387 406 1416 OCTO
438 1387 650 1416 MODORUM
682 1389 944 1427 AGNITIONE,
978 1387 1181 1417 ACUMINE
1213 1389 1270 1416 ΕΤ
1303 1389 1561 1417 GRAVITATE

165 1517 310 1572 Igitur
335 1524 428 1558 octo
451 1524 551 1559 sunt
574 1517 704 1571 modi,
727 1524 776 1559 ut
801 1525 895 1560 octo
918 1524 1065 1574 partes
1086 1519 1309 1572 orationis,
1332 1523 1367 1560 &
1395 1525 1488 1560 octo
1517 1518 1662 1561 formae

107 1587 405 1642 beatitudinis,
438 1604 515 1645 per
546 1604 651 1645 quos
685 1593 822 1631 omnis
854 1590 1074 1631 cantilena
1111 1590 1361 1632 discurrens
1403 1596 1497 1631 octo
1536 1590 1663 1631 dissi-

107 1659 281 1701 milibus
313 1660 493 1702 vocibus
526 1667 556 1703 Sc
586 1661 870 1718 qualitatibus
902 1663 1114 1703 variatur.
1147 1661 1219 1703 Ad
1245 1677 1350 1718 quos
1383 1663 1428 1703 in
1463 1662 1663 1704 cantibus

106 1731 414 1775 discernendos
446 1734 579 1774 etiam
616 1733 814 1789 quaedam
847 1749 1011 1775 neumae
1039 1735 1227 1775 inventae
1255 1741 1370 1787 sunt,
1397 1749 1454 1776 ex
1479 1749 1662 1790 quarum

105 1803 350 1859 aptitudine
366 1805 427 1846 ita
449 1805 625 1846 modum
646 1806 861 1847 cantionis
888 1807 1174 1862 agnoscimus,
1209 1807 1322 1847 sicut
1344 1820 1455 1861 saepe
1473 1820 1528 1847 ex
1551 1806 1663 1862 apti-

103 1875 253 1917 tudine
276 1878 483 1932 corporis,
506 1891 599 1932 quae
622 1878 746 1919 cuius
769 1878 824 1919 sit
845 1879 999 1919 tunica
1023 1878 1277 1934 reperimus,
1306 1883 1371 1919 ut:

142 2034 222 2068 Dae
319 2045 339 2068 α
439 2034 578 2070 aGFE
604 2035 659 2080 *G
731 2035 808 2070 FE
877 2035 947 2071 DD
998 2035 1621 2071 CFGaGaGFFFGaGFEFED

580 2107 749 2142 Primum
776 2107 928 2152 quaerite
945 2118 1096 2152 requam
1122 2108 1191 2142 Dei

162 2262 267 2305 Mox
289 2264 405 2304 enim
426 2271 470 2305 ut
492 2278 591 2305 cum
606 2262 692 2304 fine
718 2264 904 2305 alicuius
927 2263 1172 2319 antiphonae
1189 2263 1303 2304 hanc
1327 2277 1529 2304 neumam
1553 2263 1662 2305 bene

107 2333 345 2376 viderimus
377 2336 623 2389 convenire,
647 2335 761 2392 quod
794 2334 992 2377 authenti
1021 2336 1133 2391 proti
1159 2336 1227 2388 sit,
1251 2349 1337 2376 non
1363 2341 1427 2376 est
1454 2349 1561 2391 opus
1583 2334 1660 2376 du-

104 2403 277 2460 bitare’3
309 2407 373 2448 sic
407 2406 441 2448 ἃ
476 2406 529 2448 de
562 2408 753 2464 reliquis.

162 2477 233 2520 Ad
265 2476 345 2519 hoc
372 2480 504 2520 etiam
531 2479 878 2545 cognoscendum
899 2478 1137 2540 plurimum
1163 2478 1313 2520 valent
1336 2487 1365 2525 εὖ
1385 2493 1536 2520 versus
1562 2493 1660 2520 noc-

50 2593 54 2596 ,
103 2549 342 2591 turnalium
376 2551 759 2609 responsoriorum,
788 2560 817 2598 εὖ
848 2551 1001 2608 psalmi
1029 2551 1282 2603 officiorum,
1317 2559 1346 2596 &-
1378 2551 1533 2602 omnia,
1568 2565 1662 2606 quae

104 2621 150 2661 in
181 2620 405 2663 modorum
437 2621 630 2663 formulis
664 2622 1020 2678 p1·aese1·ibuntur‚
1055 2637 1161 2683 quas
1189 2623 1264 2678 qui
1298 2636 1383 2663 non
1416 2612 1550 2675 novit,
1584 2622 1662 2662 mi-

104 2707 200 2733 rum
231 2698 308 2745 est,
344 2693 377 2733 si
411 2708 540 2750 quam
573 2700 741 2750 partem
767 2693 934 2747 horum,
958 2709 1051 2750 quae
1084 2682 1302 2746 dicuntur,
1342 2692 1560 2748 intelligit.
1592 2692 1662 2734 Ibi

105 2764 220 2805 enim
253 2764 299 2805 in
330 2763 478 2806 formis
510 2765 788 2823 praevidetur,
816 2765 974 2821 quibus
1000 2767 1044 2806 in
1071 2765 1252 2806 vocibus
1280 2763 1546 2819 singulorum
1575 2779 1663 2805 mo-

105 2835 254 2877 dorum
288 2842 442 2878 cantus
467 2838 609 2878 rarius
637 2839 848 2893 saepiusve
873 2837 1153 2893 incipiantur,
1178 2841 1207 2878 6„-
1232 2837 1275 2877 in
1303 2836 1458 2892 quibus
1482 2836 1662 2877 minime

104 2906 149 2948 id
173 2906 272 2947 fiat:
301 2912 347 2947 ut
373 2908 418 2949 in
445 2908 582 2964 plagis
603 2908 777 2964 quidem
800 2909 978 2950 minime
1007 2908 1108 2950 licet
1131 2907 1200 2948 vel
1226 2907 1440 2962 principia
1462 2906 1530 2947 vel
1553 2906 1661 2948 fines
