1996 3150
696 259 845 295 GUIDO
872 258 1084 294 ARETINO
1602 257 1672 291 3⁷⁴7

709 506 908 548 CAPUT
946 506 1079 548 XVII

254 651 369 684 QUOD
401 651 458 678 AD
491 650 670 678 CANTUM
703 650 951 679 REDIGITL‘R
984 651 1121 690 OMNE,
1154 649 1269 684 QUOD
1302 650 1535 678 SCRIBITUR

173 779 254 819 His
287 779 480 820 breviter
513 779 724 819 intimatis
759 778 875 819 aliud
909 778 988 819 tibi
1024 779 1326 834 planissimum
1370 778 1571 820 dabimus
1605 777 1674 819 hic

108 857 430 906 argumentum,
464 849 698 891 utillimum
739 851 851 903 usui,
889 850 991 891 licet
1023 850 1234 891 hactenus
1279 850 1540 890 inauditum.
1582 848 1676 900 Quo

112 937 210 962 cum
236 923 428 962 omnium
456 923 628 962 omnino
652 921 861 962 melorum
889 936 1021 962 causa
1045 921 1266 974 claruerit,
1294 922 1456 976 poteris
1481 927 1552 962 tuo
1580 921 1676 961 usui

113 993 334 1046 adhibere,
370 1008 462 1048 quae
495 993 749 1048 probaveris
794 993 1031 1047 commoda,
1066 996 1095 1032 <Sc
1134 993 1417 1034 nihilominus
1460 1006 1676 1047 respuere,

113 1079 207 1121 quae
234 1064 500 1105 videbuntur
523 1064 724 1106 obscoena
750 1066 828 1118 (1).
853 1064 1078 1119 Perpende
1101 1066 1248 1118 igitur,
1267 1065 1368 1119 quia
1396 1065 1508 1104 sicut
1537 1076 1677 1111 omne,

114 1136 229 1191 quod
263 1136 438 1192 dicitur,
471 1135 694 1189 scribitur,
727 1137 788 1176 ita
820 1136 875 1176 ad
921 1142 1098 1176 cantum
1145 1135 1356 1190 redigitur
1389 1148 1528 1187 omne,
1563 1133 1678 1190 quod

113 1206 335 1248 scribitur.
370 1206 554 1249 Canitur
585 1221 688 1261 ergo
727 1221 866 1258 omne,
901 1205 1015 1261 quod
1057 1206 1232 1258 dicitur,
1273 1207 1491 1260 scriptura
1536 1211 1679 1245 autem

116 1279 272 1320 litteris
304 1278 532 1333 figuratur.
561 1277 646 1319 Sed
672 1293 725 1318 ne
753 1278 798 1318 in
829 1277 1004 1333 longum
1035 1277 1187 1332 regula
1219 1283 1366 1317 nostra
1399 1275 1680 1332 producatur,

113 1365 187 1391 sem
221 1350 285 1390 his
317 1349 365 1389 dc
391 1349 453 1402 (⁶2)
489 1348 648 1391 litteris
681 1350 873 1405 quinque
906 1355 1076 1389 tantum
1110 1347 1281 1389 vocales
1316 1362 1549 1401 sumamUS,
1592 1347 1681 1388 sine

114 1420 274 1476 quibus
307 1420 429 1461 nulla
459 1420 545 1461 alia
576 1421 735 1474 littera,
764 1420 838 1461 sed
861 1435 941 1461 nec
968 1418 1140 1475 syllaba
1173 1434 1326 1460 sonare
1360 1418 1583 1475 probatur,
1612 1433 1679 1459 ea-

113 1507 297 1548 rumque
342 1492 612 1547 permaxime
669 1506 801 1532 causa
845 1490 1087 1544 conficitur,
1136 1491 1489 1546 quotiescumque
1535 1489 1681 1530 suavis

116 1564 349 1606 concordia
375 1566 418 1605 in
443 1563 627 1605 diversis
650 1563 850 1619 partibus
875 1563 1111 1614 invenitur,
1128 1564 1241 1603 sicut
1266 1576 1459 1617 persaepe
1482 1561 1681 1602 videmus

114 1651 324 1678 consonos
358 1638 387 1674 Sa
419 1635 593 1677 sibimet
626 1635 885 1676 alterutrum
918 1634 1229 1690 respondentes
1261 1648 1412 1674 versus
1446 1635 1490 1674 in
1517 1634 1681 1685 metris,

116 1714 164 1749 ut
197 1708 432 1763 quamdam
465 1707 587 1763 quasi
614 1699 917 1762 symphoniam
945 1707 1240 1761 grammaticae
1268 1704 1514 1746 admireris.
1543 1705 1624 1746 Cui
1647 1705 1681 1745 si

115 1780 284 1819 musica
316 1779 594 1834 responsione
626 1777 754 1818 simili
806 1778 1026 1833 iungatur,
1061 1775 1226 1832 duplici
1273 1775 1568 1817 modulatione
1611 1776 1683 1817 de-

116 1849 305 1891 lecteris.

176 1921 270 1962 Has
302 1922 448 1976 itaque
480 1922 671 1976 quinque
704 1920 876 1962 vocales
910 1935 1143 1972 sumamus,
1169 1919 1353 1960 forsitan
1380 1934 1479 1960 cum
1512 1926 1683 1960 tantum

118 1992 357 2034 concordiae
380 1992 581 2033 tribuunt
608 1991 766 2045 verbis,
801 2007 887 2033 non
919 1979 1062 2032 minus
1096 1991 1326 2032 cantilenae
1360 1990 1630 2046 praestabunt
1657 1999 1686 2035 ὣ

118 2065 300 2105 neumis.
323 2063 637 2119 Supponantur
659 2064 806 2118 itaque
830 2078 906 2118 per
928 2062 1125 2104 ordinem
1152 2062 1308 2103 litteris
1340 2061 1608 2115 monchordi,
1644 2069 1686 2102 et

118 2136 220 2191 quia
253 2136 443 2191 quinque
467 2141 636 2176 tantum
661 2142 773 2188 sunt,
798 2134 966 2176 tamdiu
989 2139 1258 2190 repetantur,
1283 2133 1418 2174 donec
1448 2134 1690 2188 unicuique

116 2221 220 2248 sono
247 2222 325 2247 sua
357 2205 657 2247 subscribatur
690 2205 863 2259 vocalis,
889 2205 969 2247 hoc
1001 2205 1152 2246 modo:

1238 2303 1435 2346 abncd.

344 2368 376 2406 Γ
424 2371 789 2407 ABCDEFG.
861 2369 1178 2417 abscdefy.
1237 2369 1491 2417 ahimai.-

350 2447 377 2472 a
433 2446 773 2473 ezou.aez
862 2446 1173 2473 ou.aezou.
1243 2445 1429 2471 aeto

179 2534 231 2575 In
264 2549 349 2590 qua
383 2534 679 2590 descriptione
710 2534 754 2575 id
788 2534 913 2576 modo
946 2534 1182 2591 perpende,
1210 2535 1311 2590 quia
1338 2550 1436 2575 cum
1463 2534 1530 2575 his
1563 2535 1686 2589 quin-

115 2621 202 2661 que
235 2605 394 2647 litteris
426 2607 564 2646 omnis
598 2605 756 2648 locutio
783 2614 1022 2660 moveatur,
1052 2607 1213 2648 moveri
1237 2620 1405 2661 quoque
1433 2607 1467 2646 ἃ
1496 2606 1688 2661 quinque

119 2692 247 2719 voces
280 2677 336 2718 ad
370 2692 414 2718 se
447 2677 648 2730 invicem,
675 2683 723 2718 ut
766 2677 972 2731 diximus,
1007 2692 1091 2718 non
1119 2683 1316 2732 negetur.
1341 2676 1467 2728 Quod
1501 2691 1599 2717 cum
1628 2677 1690 2716 ita

115 2749 189 2801 sit,
225 2763 443 2790 sumamus
475 2748 599 2790 modo
632 2748 826 2804 aliquam
859 2748 1134 2802 locutionem,
1170 2749 1347 2804 eiusque
1380 2747 1575 2803 syllabas
1607 2747 1693 2788 illis

171 2878 226 2924 (1)
253 2878 281 2921 f.
308 2878 462 2914 absona.

171 2938 228 2984 (2)
256 2937 401 2981 Melius,
426 2950 469 2974 ea:
493 2939 622 2974 iisdem
649 2940 793 2975 litteris.
