1996 3150
698 198 848 234 GUIDO
875 197 1086 233 ARETINO
1605 197 1674 231 345

194 299 263 336 che
293 309 419 336 vanno
450 297 526 335 fino
556 311 580 335 α
607 301 718 335 carte
754 297 810 334 14.
842 295 1064 334 Succedono
1095 296 1200 334 varie
1230 295 1467 334 intonazioni
1496 295 1537 333 di
1574 296 1676 333 anti-

197 362 296 410 fone,
326 363 597 401 intramezzate
627 363 676 401 da
705 361 959 401 ossei-vazioni
989 361 1090 398 sulla
1109 361 1283 399 maniera
1303 361 1342 398 di
1362 361 1544 405 cantarle,
1566 372 1586 397 e
1605 372 1676 398 no-

193 429 274 466 tate
304 427 345 464 in
374 427 512 465 lettere
541 427 623 465 sino
654 439 680 465 a
709 439 740 464 c.
772 424 847 464 16t.

247 490 338 529 Ood.
368 505 406 530 n.
437 492 512 531 917
543 491 668 530 Palat.
699 494 809 541 parte
836 491 1010 538 membr„
1043 494 1149 540 parte
1178 493 1319 529 cartae.
1349 490 1388 528 Si
1419 503 1607 540 compone
1637 490 1675 528 di

196 556 271 594 180
301 559 417 594 carte.
439 557 589 595 Misura
618 557 921 598 0.205><0.159.
951 543 983 593 Ε
1011 555 1147 593 scritto
1177 555 1226 592 da
1254 556 1360 592 mani
1380 568 1399 593 e
1418 555 1458 592 in
1477 555 1599 604 tempi
1619 554 1677 592 di-

194 621 307 659 versi.
337 623 452 660 Nella
480 625 591 671 parte
620 624 795 660 cal-facea
814 621 864 659 da
883 632 915 658 c,
937 621 986 658 85
1002 634 1024 658 a
1044 621 1091 658 92
1114 620 1312 659 contiene:
1342 620 1482 658 Somni
1500 620 1677 658 MnsmAE

195 686 392 725 MAclsrm
413 687 610 725 Gwmoms
628 687 782 735 scripta
797 697 910 724 anno
928 686 1094 723 Domim'
1109 688 1213 722 1368
1232 687 1277 723 in
1294 691 1439 723 octava
1469 685 1677 734 ephifanie

197 750 285 801 (sic)
307 752 485 789 Domini.
506 751 727 790 Comincia:
1056 740 1059 742 ’

330 820 410 854 Dat
429 818 478 855 de
495 817 703 865 psallendi
723 817 848 854 mocis
862 818 1054 866 peritque
1073 817 1254 854 canendi
1276 814 1365 866 (sic)

330 882 450 919 Nobis
480 882 678 920 (haidonis
698 893 864 919 summa
893 882 1021 930 deque
1050 882 1156 919 tonis
1209 909 1217 915 .

331 948 493 984 Dicitur
512 947 701 996 eqzcz'voce
721 952 843 984 tonus
863 951 1061 984 autentus
1080 951 1180 983 ‘nota
1198 947 1371 994 signum

329 1015 478 1062 Estque
498 1018 619 1050 tonus
638 1017 808 1049 cantum
829 1012 980 1060 regula
1000 1012 1082 1048 sive
1099 1012 1284 1059 probans

329 1078 492 1115 Finalis
511 1083 632 1115 testor
652 1089 753 1126 quos
773 1077 1000 1115 retinemus
1018 1077 1167 1114 adhuc.

333 1146 518 1183 chatuor
537 1154 619 1180 esse
638 1148 754 1179 tonos
774 1141 901 1178 voluit
921 1142 1118 1178 distincta
1139 1146 1330 1179 vetustas.

196 1209 359 1247 sembra
387 1210 512 1247 diviso
542 1210 582 1247 in
610 1211 670 1246 tre
699 1208 895 1258 paragrafi
924 1221 944 1246 e
974 1209 1006 1246 si
1037 1221 1223 1258 compone
1253 1208 1292 1246 di
1321 1209 1399 1246 318
1420 1208 1528 1246 versi.
1550 1208 1640 1245 Non
1660 1211 1679 1244 e

198 1275 387 1325 leggibile
407 1275 436 1313 il
455 1275 543 1312 fine.
563 1274 663 1312 Pero
687 1275 821 1323 questo
840 1273 1021 1312 Trattato
1043 1286 1117 1311 non
1141 1273 1342 1323 apparisce
1368 1274 1606 1311 cert-amente
1625 1274 1682 1310 la-

199 1353 293 1378 voro
314 1341 354 1378 di
375 1339 521 1386 Guido;
542 1353 606 1378 ma
626 1339 665 1376 di
685 1339 848 1388 qualche
869 1339 1046 1377 studioso
1069 1352 1088 1376 e
1107 1350 1272 1389 seguace
1293 1339 1393 1376 delle
1413 1338 1452 1376 di
1467 1339 1525 1376 lui
1538 1338 1680 1388 regole,

199 1406 227 1443 il
247 1406 363 1455 quale
382 1406 432 1443 ha
452 1405 662 1454 compilato
683 1405 742 1442 sui
761 1404 945 1454 principii
977 1403 1233 1442 dell’Aretino
1263 1404 1292 1441 il
1318 1416 1386 1441 suo
1415 1403 1678 1441 semibarbaro

198 1472 358 1518 scritt03
381 1484 400 1510 e
421 1472 548 1520 percio
568 1472 604 1509 lo
626 1471 677 1508 ha
698 1471 893 1508 chiamato
911 1471 989 1520 egli
1009 1473 1129 1508 stesso
1143 1481 1321 1514 summa,
1337 1470 1437 1508 ossia
1452 1470 1683 1518 compendio

200 1537 300 1574 della
320 1537 469 1574 musica
489 1537 530 1574 di
548 1536 717 1574 Maestro
740 1535 930 1574 Guidone.
951 1536 1040 1574 Non
1062 1536 1225 1586 bisogna
1245 1536 1306 1574 del
1320 1538 1420 1573 resto
1437 1534 1684 1573 nascondersi

202 1602 270 1640 che
290 1602 330 1639 in
349 1602 467 1640 Italia
486 1601 759 1651 specialmente
780 1602 813 1639 ci
834 1605 852 1639 e
873 1603 976 1639 stato
997 1615 1049 1639 uu
1070 1603 1201 1650 tempo
1220 1602 1261 1639 in
1280 1601 1342 1638 cui
1355 1600 1411 1650 gli
1425 1599 1683 1638 amanuensii

202 1668 309 1717 quali
328 1668 360 1706 si
382 1668 533 1706 davano
555 1681 576 1705 a
597 1667 749 1716 copiare
768 1667 804 1705 le
824 1667 980 1705 antiche
1001 1667 1236 1713 membrane,
1257 1667 1367 1705 tutto
1389 1666 1447 1705 cio
1469 1667 1537 1704 che
1553 1667 1683 1704 trova-

198 1746 297 1771 vano
311 1733 349 1771 di
362 1733 490 1771 scritti
505 1733 694 1779 musicali,
711 1746 730 1770 e
745 1734 986 1782 soprattutto
1000 1734 1039 1770 in
1049 1733 1163 1779 versi,
1180 1733 1216 1770 lo
1229 1732 1494 1771 attribuivano
1507 1746 1529 1769 a
1539 1731 1681 1779 Guid03

202 1800 378 1847 appunto
400 1797 539 1847 perche
559 1797 742 1847 imparati
764 1798 939 1847 que’suoi
956 1799 1022 1847 piu
1038 1799 1330 1837 comunemente
1345 1811 1366 1835 a
1381 1797 1568 1835 memoria
1587 1798 1685 1836 nelle

200 1864 328 1902 scuole
357 1863 396 1900 di
425 1865 551 1911 canto,
572 1863 761 1902 venivano
783 1864 911 1913 percio
932 1864 972 1901 in
992 1864 1170 1914 maggior
1189 1876 1352 1901 numero
1374 1862 1584 1912 riprodotti
1601 1875 1620 1900 e
1638 1876 1684 1900 ne

200 1941 266 1966 era
286 1928 425 1966 diffusa
444 1929 482 1966 la
501 1929 618 1967 fama.
649 1928 736 1966 Cossi
765 1929 886 1966 anche
914 1929 928 1966 i
957 1941 1035 1966 non
1063 1930 1144 1968 veri
1175 1929 1207 1966 si
1237 1928 1389 1967 davano
1419 1942 1442 1964 a
1470 1927 1537 1965 lui.

121 1994 374 2033 Biblioteca
393 1994 725 2033 Casanatense.
746 2016 798 2021 —
818 1993 910 2032 Cod.
927 2006 1026 2032 c.1v.
1044 1995 1066 2031 2
1083 1994 1244 2032 membr.
1261 1993 1341 2031 Sec.
1360 2005 1416 2039 XI,
1433 1992 1472 2031 di
1492 1993 1564 2031 191
1582 1995 1686 2031 carte

201 2072 278 2098 non
306 2062 518 2097 numerate.
541 2059 688 2097 Misura
720 2060 1024 2102 0.190><0.130.
1056 2060 1120 2097 Ha
1140 2073 1207 2109 per
1235 2059 1348 2097 titolo
1378 2059 1503 2096 mez
1531 2070 1687 2096 CORALIS

202 2137 335 2163 secum
352 2138 404 2171 xx,
427 2137 504 2163 oum
523 2137 633 2163 No'ms
654 2137 909 2163 MUSIGALIBUS
930 2137 1110 2164 mvnxms
1143 2138 1163 2162 A
1191 2126 1324 2162 Guido
1343 2125 1552 2162 dar-ezzo.
1574 2124 1686 2161 Nella

206 2192 362 2240 coperta
383 2190 422 2228 di
442 2190 611 2241 guardia
630 2191 671 2228 vi
690 2194 709 2229 ὸ
730 2194 869 2240 questa
895 2193 1000 2238 nota,
1022 2192 1157 2229 scritta
1182 2190 1221 2228 di
1246 2192 1417 2229 recente:
1446 2204 1467 2224 «
1484 2189 1686 2238 Siquidem

204 2271 224 2291 ‹<
245 2258 408 2295 florente
430 2257 616 2296 Guittone
636 2256 717 2307 (vel
737 2255 882 2307 Guido)
905 2258 1113 2296 exharatus
1133 2259 1201 2295 est.
1222 2256 1284 2303 Er,
1300 2255 1405 2305 quod
1424 2256 1588 2301 mireris,
1609 2255 1686 2293 for-

205 2337 226 2358 «
248 2324 361 2361 tassis
390 2323 438 2361 ab
467 2324 549 2373 ipso
566 2313 764 2361 *notarum
792 2324 993 2361 inventore
1014 2334 1223 2372 possessus,
1244 2323 1312 2360 aut
1331 2323 1433 2359 certo
1458 2333 1501 2359 eo
1532 2321 1686 2359 vivente

204 2402 224 2423 «
249 2390 287 2426 in
315 2389 594 2427 monachorum
612 2389 956 2428 Benedictinorum
976 2400 1069 2426 usus
1089 2387 1178 2426 fuit.
1200 2389 1339 2437 Liquet
1358 2388 1460 2425 enim
1480 2387 1520 2424 in
1539 2386 1687 2424 litaniis

202 2468 224 2488 «
244 2456 473 2493 sanctorum
501 2454 708 2503 praecipue
727 2454 899 2493 invocari
929 2454 1056 2502 plures
1086 2453 1168 2491 eius
1188 2452 1336 2491 ordinis
1364 2454 1530 2490 sanctos.
1561 2451 1686 2489 Adeo-

207 2534 226 2555 «
247 2533 322 2570 que
350 2522 524 2569 tempore
545 2520 794 2558 celeberrime
813 2519 920 2558 illius
940 2520 1176 2558 inventionis
1199 2512 1368 2567 scriptus
1398 2517 1475 2555 dici
1502 2518 1642 2566 potest.
1666 2529 1687 2549 »

203 2586 233 2623 E
256 2587 295 2624 la
323 2588 417 2625 nota
446 2589 465 2623 e
494 2587 561 2635 poi
580 2585 817 2624 accresciuta
839 2584 1081 2623 dall'attuale
1100 2583 1375 2622 Bibliotecario
1392 2585 1490 2620 cosi:
1515 2594 1536 2615 «
1559 2580 1687 2619 Guido

206 2664 227 2685 ‹<
257 2652 420 2690 florebat
448 2664 548 2690 anno
582 2651 683 2689 1030
713 2652 752 2689 et
781 2650 858 2688 fuit
896 2650 1107 2688 monachus
1139 2649 1177 2687 S.
1213 2647 1428 2692 Benedicti,
1457 2646 1585 2695 patria
1613 2647 1689 2683 Ar-

207 2731 228 2751 «
249 2719 408 2764 retinas,
435 2717 661 2755 monasterii
695 2715 957 2765 Pomposiani.
980 2728 1002 2752 »
1032 2714 1175 2760 Questo
1208 2714 1377 2763 prezioso
1407 2711 1535 2749 codice
1571 2710 1688 2748 dicesi

206 2794 348 2820 ancora
376 2795 447 2820 con
475 2786 639 2821 certezza
666 2794 791 2821 essere
823 2783 1084 2832 appartenuto
1111 2781 1146 2817 al
1177 2779 1324 2818 celebre
1354 2777 1478 2822 Baini‚
1520 2778 1688 2814 maestro

207 2847 308 2886 della
336 2847 519 2898 cappella
548 2848 702 2898 Papale.
