2012 3182
302 154 375 188 398
894 151 1042 186 GUIDO
1071 151 1286 187 ARETINO

368 251 517 292 Donec
550 249 711 290 frustra
745 248 871 299 vivit,
905 248 1018 288 mira
1048 235 1218 289 laborat
1252 249 1438 301 insania,

367 322 484 362 Dum
515 322 609 362 sine
643 320 849 375 magistro
884 318 1005 360 nulla
1038 319 1224 361 discitur
1259 320 1512 375 antiphona.

366 393 490 434 Notis
522 407 624 447 ergo
658 391 742 433 illis
775 392 946 448 spretis,
982 391 1139 447 quibus
1173 391 1331 448 vulgus
1365 394 1521 445 utitur,

367 463 494 517 Quod
527 464 619 504 sine
652 463 832 504 ductore
865 478 1095 519 nusquam,
1129 469 1176 504 ut
1210 479 1361 517 caecus,
1405 463 1702 520 progreditur.

367 533 542 589 Septem
575 535 679 575 istas
713 533 830 574 disce
865 540 988 574 notas
1021 539 1188 590 septem
1221 533 1572 576 characteribus.

306 637 359 667 ut.
386 644 434 668 re.
460 635 520 669 mi.
550 633 600 676 sa.
629 637 680 668 ut.
709 634 772 668 soz.
799 644 849 668 re.
876 634 920 668 Ia.
951 634 1011 668 mi.
1040 633 1092 676 fa.
1120 634 1184 669 sol.
1214 638 1266 669 ut.

307 694 351 732 Γ.
381 695 426 727 Α.
464 695 508 728 Β.
554 694 592 727 C.
673 693 713 727 1).
838 694 885 727 Ε.
1012 693 1051 727 F.
1151 694 1193 729 G.
1412 705 1448 728 a.
1559 694 1591 728 b.
1683 704 1713 728 c.
1811 694 1845 728 d.

1361 752 1410 788 Ia.
1439 763 1478 787 re
1504 753 1565 787 mi.
1593 752 1647 795 fa.
1675 756 1728 787 ut.
1756 753 1819 787 sol.
1847 764 1883 788 re.

1326 871 1342 894 c
1491 847 1675 918 fy‘}

1305 944 1365 978 mi.
1393 943 1443 979 la.
1468 942 1518 985 fa.
1547 943 1610 978 sol.
1640 943 1687 977 la.

367 1027 564 1084 Namque
598 1026 694 1069 aliae
727 1033 930 1083 septenae,
968 1042 1061 1083 quae
1096 1033 1369 1083 sequuuntur
1403 1034 1568 1084 postea,

366 1099 462 1140 Non
495 1106 597 1140 sunt
629 1098 740 1153 aliae,
776 1098 851 1139 sed
885 1113 971 1139 una
1005 1097 1280 1154 replicantur
1315 1100 1482 1154 regula.

367 1171 484 1223 Quia
519 1185 673 1212 vocum
707 1177 755 1212 ut
789 1170 972 1223 dierum,
1006 1185 1128 1226 {eque
1161 1171 1218 1211 sit
1251 1169 1538 1212 hebdomada.

367 1241 484 1294 Quas
518 1244 567 1297 si,
602 1245 713 1284 sicut
747 1242 1006 1293 audiuntur,
1040 1244 1107 1283 vis
1140 1242 1291 1284 videre
1325 1243 1478 1295 oeulis,

365 1313 452 1355 Orc
485 1314 660 1355 interim
694 1315 860 1368 silente,
897 1314 1114 1356 manualis
1149 1315 1291 1370 operis

365 1385 687 1440 Argumentum
720 1385 796 1426 fiat
830 1387 962 1427 certis
995 1385 1232 1427 diffinitum
1265 1388 1455 1428 numeris
1492 1389 1572 1441 (1).

368 1459 397 1496 l*
431 1455 618 1498 Gramma
651 1471 840 1512 graccum
875 1456 1053 1512 quidam
1089 1466 1256 1512 ponunt
1289 1459 1608 1514 antebprimam
1643 1457 1851 1513 litteram,

363 1527 403 1568 A
437 1542 519 1583 quo
554 1527 755 1584 passibus
789 1529 981 1584 partitur
1014 1542 1170 1569 novem
1204 1534 1294 1570 tota
1327 1528 1458 1570 linea.

364 1598 451 1640 Ubi
485 1599 649 1654 primus
681 1614 834 1655 passus
868 1599 978 1653 finit,
1012 1600 1154 1656 pri‘ma
1188 1601 1272 1642 erit
1305 1600 1466 1647 littera.

363 1670 492 1712 Modo
526 1670 656 1712 simili
692 1686 717 1711 a
750 1672 892 1727 prima
925 1686 1078 1727 passus
1111 1671 1220 1713 fiant
1253 1672 1448 1726 totidem,

365 1742 421 1783 Et
453 1743 650 1784 secundm
686 1743 803 1785 locus
838 1749 958 1799 patet
992 1743 1243 1799 supradicto
1277 1744 1456 1786 ordine:

364 1814 508 1867 Quam
542 1815 825 1857 concordiam
859 1830 1062 1857 sonorum
1095 1821 1246 1857 tonum
1279 1815 1432 1858 dicunt
1465 1818 1636 1859 musici.

424 1886 590 1927 Rursus
624 1893 760 1928 totam
795 1886 989 1929 Gammae
1024 1886 1233 1929 chordam
1267 1888 1419 1929 divide
1453 1904 1530 1944 per
1563 1895 1765 1946 quatuor,

362 1957 516 1998 Tertia
549 1957 777 2000 confestim
809 1965 938 2000 canet
971 1959 1171 2000 secundae
1204 1961 1406 2013 vicinior,

362 2028 603 2070 Tantillum
636 2029 804 2072 duobus
838 2031 952 2072 tonis
986 2030 1082 2086 plus
1116 2037 1180 2072 est
1209 2031 1495 2074 diatessaron.

362 2100 651 2157 Semitonium
684 2109 866 2143 vocatur
900 2103 1042 2157 ipsum
1075 2101 1207 2143 breve
1239 2103 1447 2158 spatium,

361 2172 512 2214 Tonus
544 2187 648 2214 vero
681 2178 758 2227 est,
793 2188 921 2229 quem
954 2173 1060 2215 facit
1093 2189 1245 2216 norma
1278 2188 1434 2216 novem
1468 2176 1675 2232 partium.

364 2245 430 2285 De
464 2245 688 2300 quaternis
721 2244 854 2286 habet
889 2245 1161 2287 diatessaron
1194 2246 1470 2288 vocabulum.

362 2315 453 2371 Ipsi
486 2322 612 2357 tonus
644 2317 679 2357 si
714 2315 916 2369 addatur,
953 2316 1158 2372 diapente
1191 2319 1349 2369 oritur,

361 2386 488 2439 Quod
519 2386 573 2428 de
605 2387 798 2444 quinque
833 2403 986 2430 nomen
1021 2388 1224 2431 Graecum
1259 2390 1304 2431 in
1338 2390 1545 2432 Latinum
1579 2391 1781 2433 vertitur.

358 2459 471 2500 Nam
504 2459 539 2499 si
573 2473 723 2514 passus
758 2466 901 2501 ternos
936 2459 1054 2514 facit,
1091 2461 1285 2517 quinque
1318 2467 1490 2503 constat
1524 2461 1705 2504 vocibus

363 2531 472 2572 Inde
505 2533 648 2588 prima
683 2531 807 2573 dabit
840 2538 1013 2588 quarta}
1039 2535 1266 2589 quaternis
1298 2534 1527 2588 indicium,

364 2603 421 2643 Et
454 2603 646 2644 secunda
677 2605 813 2645 servit
848 2605 1008 2660 quintae
1032 2617 1118 2661 :per
1151 2605 1352 2647 eumdem
1386 2620 1632 2648 numerum.

349 2770 404 2814 (1)
433 2769 476 2804 V.
501 2769 545 2803 Vi
572 2769 620 2815 (f.
650 2769 773 2814 cuius)
812 2770 913 2806 clare
947 2771 1073 2821 parvis
1111 2775 1273 2817 pateant
1299 2771 1466 2818 puerulis
1499 2785 1582 2819 quae
1612 2785 1790 2810 vocamus
1822 2773 1876 2809 sic

303 2827 509 2872 primarum
536 2827 750 2865 litterarum
778 2830 942 2876 spatium
978 2831 1031 2876 (f.
1057 2831 1210 2877 spatia).
