2012 3182
316 121 385 156 462
906 121 1054 158 GUlDO
1082 121 1292 158 ARETINO

317 219 425 266 duas,
455 219 494 256 et
521 231 640 257 unam
658 231 726 269 per
756 218 1054 267 semiditonum3
1083 233 1160 258 nna
1180 221 1309 259 autem
1329 220 1374 258 fit
1392 221 1581 270 apposita.
1609 218 1887 259 Adnotandum

316 284 434 321 etiam
474 283 577 332 quod
620 283 827 333 aliquando
856 285 1143 334 superscriptus
1172 285 1367 324 tetrardus
1398 285 1439 323 in
1467 297 1561 324 voce
1588 285 1708 324 tertia
1734 284 1884 330 finitur,

314 361 389 398 que
416 349 509 387 trito
539 348 786 397 adscribitur,
820 349 891 388 etsi
920 350 959 387 in
988 350 1212 399 antiphonis
1241 352 1409 399 tantum,
1442 351 1505 407 oui
1539 350 1707 400 propriis
1727 351 1887 400 subjun-

314 413 463 464 gendus
492 416 550 453 est
577 415 747 465 psalmus
775 429 844 465 per
873 415 1100 465 parvissime
1129 416 1178 454 ab
1199 417 1284 455 aliis
1304 418 1515 467 sejunctus,
1537 417 1648 455 sonat
1668 417 1801 454 autem
1819 415 1885 453 sic.

533 630 664 669 Gloria
840 631 942 680 patri
981 673 991 684 ι
1026 635 1062 669 et
1146 632 1224 670 filio
1332 635 1371 670 et
1504 631 1662 681 spiritui

311 737 830 813 {EI-73&
927 741 1064 775 ..ηε
1140 746 1158 762 ι
1232 730 1892 791 ῑ-ῑ-ἢι-ῑ-ὛἯ

530 849 661 885 sancto
827 848 927 885 sieut
1061 849 1145 886 erat
1174 848 1212 885 in
1268 848 1459 897 principio
1521 849 1559 886 et
1613 859 1715 885 nune
1770 847 1809 884 et

311 947 664 1017 :ii—s—-ss—
691 960 808 1015 μὶ
880 955 1442 985 ῑ-ζῡ--ῑῖῑ-ῑ-ζῑξ-
1493 963 1562 984 ι-
1702 956 1890 1014 4²———

462 1075 614 1112 semper
721 1064 760 1101 et
815 1062 855 1100 in
911 1063 1041 1101 secula
1177 1063 1397 1102 seculorum
1552 1075 1677 1101 amen.

314 1161 488 1202 Verbum
518 1176 616 1202 caro.
1126 1165 1299 1203 Laudem
1330 1164 1457 1203 dicite.

316 1230 531 1268 Jerusalem
559 1230 697 1280 gaude,
1128 1231 1303 1281 Accipite
1332 1232 1525 1281 spiritum.

313 1297 532 1335 Jerusalem
561 1297 718 1347 respice.
1130 1297 1332 1344 Quomodo
1362 1299 1438 1337 fiet.

318 1362 508 1401 Ascendo.

365 1462 564 1502 Predictas
585 1465 715 1501 autem
737 1463 967 1514 antiphonas
987 1476 1065 1502 non
1094 1464 1134 1502 in
1163 1465 1329 1515 propriis
1355 1465 1582 1503 differentiis
1611 1464 1885 1515 disposuimus,

310 1529 376 1567 sed
405 1529 646 1568 ostendimus
677 1531 788 1580 cujus
816 1529 925 1569 vobis
954 1530 1043 1578 sint,
1075 1532 1113 1568 et
1142 1531 1332 1580 quomodo
1362 1544 1495 1570 earum
1523 1531 1663 1581 psalmi
1683 1533 1721 1570 et
1741 1532 1886 1570 cetera-

309 1607 398 1633 rum
427 1595 730 1645 antiphonarum
752 1596 898 1645 psalmo
921 1597 1092 1646 ejusdem
1112 1597 1218 1635 modi
1237 1597 1467 1636 discordent.
1497 1596 1604 1637 Inter
1632 1598 1726 1637 alias
1754 1599 1885 1637 autem

309 1661 539 1712 antiphonas
568 1662 609 1700 in
636 1662 865 1701 differentiis
895 1664 1062 1714 propriis
1092 1664 1405 1703 subscribuntur.

551 1775 721 1815 Ultimus
752 1779 960 1817 autentum
988 1778 1184 1817 tetrardus
1212 1791 1323 1828 grece
1352 1779 1514 1816 vocatur

550 1841 720 1892 Corpore
749 1843 941 1883 detractas
968 1844 1009 1882 in
1038 1844 1150 1894 eujus
1179 1844 1336 1882 reddere
1367 1843 1510 1882 formas

548 1908 774 1959 Perplaeuit
803 1910 928 1957 certis,
957 1911 1115 1949 valeant
1143 1923 1219 1960 que
1248 1910 1346 1948 ciere
1377 1910 1564 1961 phtongis

546 1974 723 2014 Pullulat
752 1989 797 2014 ex
826 1978 937 2026 proto
967 1979 1004 2015 et
1033 1976 1126 2015 trito
1157 1989 1245 2014 nam
1275 1977 1346 2015 sub
1375 1989 1491 2026 super
1518 1976 1664 2025 hisque.

495 2189 650 2240 Septem
839 2194 930 2230 sunt
1066 2192 1226 2242 spiritus
1422 2192 1510 2229 ante
1645 2193 1802 2229 tronum

302 2281 1559 2365 ΞΞΞ-Π-Ᾱῖῖέἑῗῗῖπ-Ἰζῑέξ
1584 2287 1889 2338 --ῄ

708 2394 778 2432 Del

1084 2584 1102 2622 I
