1996 3150
674 228 701 262 G
712 227 825 262 UIDO
851 227 1065 263 ARETINO
1584 229 1653 264 365

87 338 234 365 eorum
266 320 509 364 imitatione
541 323 684 364 cordae
717 329 759 364 et
791 330 1040 374 nostrarum
1069 329 1272 365 notarum
1298 339 1380 366 usu
1407 325 1652 376 exercitati,

85 400 185 436 ante
212 396 338 436 unius
365 396 524 436 mensis
551 395 739 450 spatium
762 395 924 436 invisos
948 394 984 435 (Q
1011 395 1227 437 inauditos
1253 402 1407 436 cantus
1432 397 1493 436 ita
1515 395 1652 451 primo

89 467 251 507 intuitu
277 455 580 507 indubitanter
607 464 860 518 cantabant,
886 472 934 506 111
958 466 1196 507 maximum
1231 466 1530 522 spectaculum
1564 466 1654 522 plu-

84 538 205 578 rimis
237 537 536 594 praeberctur3
570 536 684 592 quod
717 543 864 577 tamen
898 537 972 591 qui
1006 551 1091 577 non
1125 543 1265 592 potest
1313 537 1472 590 facere,
1506 539 1652 579 nescio

84 623 169 664 qua
201 608 343 650 fronte
377 623 420 649 se
453 609 668 649 musicum
702 606 773 648 vel
816 614 1038 649 cantorem
1070 607 1233 649 audeat
1267 608 1427 649 dicere.
1461 608 1654 649 Maxime

84 680 232 735 itaque
259 679 376 720 dolui
411 679 464 720 de
497 679 656 719 nostris
697 677 963 730 cantoribus,
999 679 1072 733 qui
1106 679 1186 720 etsi
1232 686 1407 720 centum
1447 680 1574 720 annis
1608 680 1652 720 in

85 751 271 792 canendi
303 750 444 791 studio
478 756 771 805 perseverent,
794 765 1032 805 numquam
1053 757 1199 792 tamen
1222 751 1292 792 vel
1315 752 1538 793 minimam
1572 766 1651 792 an-

83 822 312 877 tiphonam
345 836 421 876 per
454 836 498 861 se
533 820 682 861 valent
715 821 882 874 efferre,
917 836 1087 876 semper
1110 822 1340 876 discentes,
1364 829 1412 864 ut
1439 824 1502 864 ait
1531 822 1649 878 Apo-

82 893 226 946 stolus,
260 893 296 933 (ἦ
328 907 567 948 numquam
606 892 662 933 ad
696 892 934 947 perfectam
967 893 1097 934 huius
1130 895 1238 934 artis
1284 896 1514 935 scientiam
1554 908 1651 949 per—

83 965 324 1005 venientes.
359 964 554 1019 Cupiens
587 965 735 1019 itaque
767 970 858 1004 tam
885 964 989 1005 utile
1016 972 1215 1005 nostrum
1241 965 1436 1006 studium
1464 966 1509 1006 in
1537 979 1652 1006 60111-

83 1050 260 1076 11111116111
294 1035 526 1076 utilitatem
571 1035 819 1090 expendere
851 1035 905 1075 de
945 1036 1092 1076 multis
1139 1037 1320 1076 musicis
1364 1036 1648 1090 argumentis,

83 1121 177 1162 quae
211 1107 409 1147 adiutore
432 1106 526 1147 Deo
553 1120 629 1160 per
653 1106 777 1146 varia
803 1112 1000 1160 tempora
1026 1107 1285 1161 conquisivi,
1311 1106 1522 1161 quaedam,
1553 1121 1647 1161 quae

82 1178 333 1225 cantoribus
356 1177 564 1233 proficere
588 1176 770 1230 credidi,
800 1183 965 1232 quanta
994 1178 1115 1231 potui
1142 1176 1358 1218 brevitate
1385 1179 1646 1233 perstrinxi3

83 1264 177 1304 quae
210 1250 326 1290 enim
359 1249 412 1289 de
444 1249 613 1289 musica
645 1248 702 1288 ad
725 1248 973 1289 canendum
999 1249 1144 1289 minus
1172 1255 1367 1304 prosunt,
1393 1255 1471 1290 aut
1493 1251 1528 1289 si
1553 1264 1646 1304 quae

81 1334 138 1360 ex
161 1319 242 1373 his,
266 1335 362 1375 quae
387 1319 606 1372 dicuntur,
631 1333 716 1360 non
743 1319 893 1360 valent
919 1318 1119 1374 intelligi,
1142 1334 1221 1360 1166
1244 1326 1487 1361 memoratu
1510 1319 1644 1375 digna

82 1389 294 1443 iudicavi,
327 1405 414 1431 non
447 1405 606 1431 curans
641 1390 693 1431 de
726 1389 805 1441 his,
839 1391 875 1430 si
909 1390 1199 1445 quorumdam
1245 1391 1418 1432 animus
1461 1390 1645 1432 livescat

82 1461 268 1515 invidia,
300 1461 404 1502 dum
439 1461 728 1516 quorumdam
760 1460 963 1516 proficiat
996 1460 1244 1516 disciplina.
1349 1459 1354 1463 ’

141 1531 334 1586 Enplz'cit
363 1532 581 1588 prolofsus.

503 1751 821 1794 INCIPIUNT
856 1751 1168 1794 CAPITULA
1189 1752 1228 1787 (1)

81 1913 176 1951 ΟΑΡ.
207 1914 224 1951 I
229 1940 359 1950 ..........
380 1912 481 1955 Quid
512 1913 647 1962 faciat,
678 1912 745 1962 qui
775 1923 817 1949 se
846 1912 896 1950 ad
927 1911 1181 1962 disciplinam
1212 1913 1376 1952 Musicze
1407 1915 1547 1963 parat?

80 1977 174 2015 CAP·
206 1978 244 2016 II
254 2007 357 2016 ........
381 1978 475 2020 Quae
507 1977 572 2015 vel
603 1977 742 2026 quales
771 1977 854 2015 sint
883 1979 1000 2023 notae,
1031 1978 1098 2015 vel
1128 1978 1250 2027 quot?

79 2044 174 2081 CAP.
205 2045 262 2081 ΙΙΙ
268 2074 355 2081 .......
377 2045 435 2081 De
465 2043 730 2093 dispositione
761 2055 900 2081 earum
930 2043 971 2080 in
1002 2044 1285 2081 monochordo,

79 2109 175 2147 CAP.
207 2110 263 2147 IV
268 2138 353 2146 .......
377 2109 524 2151 Quibus
554 2121 626 2147 sex
654 2108 783 2146 modis
813 2108 889 2146 sibi
918 2109 1092 2146 invicem
1124 2121 1242 2147 voces
1271 2109 1525 2158 iungantur?

80 2174 175 2212 CAP.
206 2175 243 2212 V
251 2204 353 2213 ........
375 2176 433 2213 De
463 2175 665 2224 diapason,
697 2175 732 2213 82
762 2186 832 2212 6111·
860 2177 1017 2212 tantum
1047 2176 1202 2224 septem
1234 2175 1315 2213 sint
1344 2178 1478 2214 notae‘?

79 2229 175 2278 CAP.
206 2241 263 2278 VI
267 2269 355 2278 .......
377 2242 480 2278 Item
511 2241 558 2277 de
589 2240 864 2287 divisionibus,
896 2241 931 2278 ἃ
962 2241 1302 2290 interpretatione
1332 2253 1481 2279 earum.

77 2305 173 2343 CAP.
204 2306 280 2344 VII
285 2334 348 2344 .....
372 2307 428 2343 De
457 2306 653 2344 affinitate
684 2318 825 2343 vocum
854 2318 928 2354 per
958 2310 1127 2355 quatuor
1156 2307 1306 2345 modos.

79 2371 174 2409 CAP.
205 2372 348 2409 VIII...
368 2372 428 2409 De
457 2371 550 2409 aliis
580 2371 841 2409 affinitatibus
872 2372 907 2409 <Q
928 2373 948 2409 b
970 2372 1005 2409 ἃ
1025 2370 1058 2415 ξ.

79 2436 174 2474 CAP.
205 2437 349 2474 IX...
372 2437 474 2474 Item
506 2437 554 2473 de
584 2436 850 2474 similitudine
872 2448 1026 2483 vocum,
1048 2449 1216 2486 quarum
1238 2438 1429 2488 diapason
1451 2438 1535 2477 sola
1562 2451 1652 2488 per—

240 2502 347 2540 fecta
378 2506 451 2540 est.

79 2566 171 2605 CAP.
202 2568 349 2606 X........
371 2568 474 2605 Item
505 2568 553 2604 de
584 2567 710 2605 modis
740 2567 775 2604 Sc
806 2567 900 2605 falsi
929 2567 1025 2606 meli
1057 2569 1263 2618 agnitione
1294 2570 1329 2607 ἅ
1359 2569 1624 2607 correctione.

81 2632 176 2670 CAP.
207 2633 350 2671 XI......
373 2633 468 2675 Quae
497 2645 590 2680 vox,
622 2634 657 2669 S:
690 2645 759 2670 cur
789 2633 830 2670 in
859 2636 979 2672 cantu
1008 2633 1188 2672 obtineat
1215 2635 1484 2685 principatum
1502 2637 1519 2672 ?

82 2697 174 2736 CAP.
206 2698 353 2736 XII.....
375 2699 433 2736 De
464 2697 661 2736 divisione
691 2700 860 2748 quatuor
889 2699 1097 2737 modorum
1129 2699 1169 2737 111
1200 2702 1302 2738 0610.

132 2875 187 2919 (1)
213 2874 292 2909 Ηο6
317 2874 527 2920 capitulare
552 2875 592 2910 in
619 2875 766 2912 eaeteris
793 2877 904 2912 MSS.
933 2882 990 2912 est
1015 2876 1205 2912 omissum.
