2012 3182
284 163 352 197 376
871 159 1024 195 GUIDO
1048 160 1258 195 ARETINO

339 258 392 299 In
423 256 542 298 nullo
574 258 689 298 enim
723 270 825 298 sono
848 255 967 297 valet
988 256 1096 309 fieri,
1121 261 1304 311 excepto
1338 257 1464 298 tertio
1490 258 1526 298 &
1553 263 1696 310 sexto3
1730 271 1831 298 nam

281 330 360 371 etsi
379 330 621 384 reperiatur
642 329 685 370 in
706 328 804 381 alio,
829 330 1000 384 penitus
1023 328 1296 370 emendanda
1317 334 1402 382 est3
1425 343 1511 370 non
1534 329 1668 371 solum
1687 336 1832 371 autem

280 402 386 456 ipsa,
422 400 495 441 sed
528 400 571 440 ἃ,
598 400 739 459 radix,
768 415 823 442 ex
849 415 934 456 qua
967 401 1178 442 inutiliter
1210 401 1432 456 processit,
1455 400 1728 448 *eradieanda
1755 408 1831 442 est.

337 471 588 513 Notandum
620 471 747 527 quod,
781 472 883 528 quia
909 488 934 513 a
958 487 983 513 a
1006 471 1266 527 quibusdam
1293 473 1509 513 semitonii
1551 473 1642 514 loeo
1675 473 1833 514 admit-

280 545 396 597 titur,
414 544 509 586 ideo
524 544 795 586 harmoniam
814 545 858 586 in
874 545 1049 586 modum
1065 544 1247 600 plaustri
1271 546 1492 600 vergentis
1518 559 1595 601 per
1615 551 1831 601 petrosam

277 617 475 658 semitam
507 616 755 660 conficiunt.
788 616 893 657 Ideo
925 623 1071 657 autem
1117 616 1212 672 plus
1256 630 1385 671 quam
1434 616 1625 657 omnium
1674 617 1832 658 artium

279 688 452 730 musicae
470 694 569 729 sunt
591 688 748 743 regulae
772 687 1002 741 dissolutae,
1025 688 1140 743 quia,
1168 687 1271 728 dum
1294 702 1507 743 nusquam
1524 687 1658 743 aliqui
1686 694 1834 744 potue-

277 765 379 800 runt
411 774 455 800 se
487 759 542 800 ad
574 761 774 801 semitam
807 759 1051 812 admittere,
1087 760 1171 800 imo
1198 759 1301 800 dum
1328 759 1444 814 pleni
1465 759 1654 800 fluminis
1679 759 1743 815 (f.
1772 761 1832 800 in-

276 832 383 883 star)
419 831 488 872 cui
522 830 626 871 dum
651 845 737 872 non
764 831 920 872 suffieit
946 831 1144 886 proprius
1168 830 1330 883 alveus,
1360 845 1435 886 per
1460 831 1650 887 compita
1677 831 1832 872 diffun-

277 903 424 956 ditur3
459 903 521 944 ita
553 903 635 959 ipsi
668 903 783 944 omni
814 903 919 955 1000,
953 917 1036 958 quo
1086 903 1317 944 semitonia
1364 909 1664 958 acm-everunt,
1699 903 1831 944 aliam

276 964 476 1016 semitam
509 974 745 1030 elegerunt,
779 975 945 1016 seilicet
965 980 1208 1016 metuentes
1241 982 1408 1016 aretum
1440 975 1609 1030 ingredi
1641 990 1830 1032 specum,

276 1061 329 1087 ne
362 1046 628 1102 magnitudo,
662 1061 747 1102 qua
778 1047 1044 1102 praecellunt,
1080 1048 1272 1102 corporis
1318 1053 1525 1100 arctetur,
1562 1054 1636 1088 aut
1674 1049 1830 1089 minori

273 1119 504 1160 latitudine
536 1126 612 1160 aut
642 1119 856 1161 brevioris
898 1119 1128 1160 altitudine
1173 1120 1390 1175 tegminis.
1426 1120 1513 1161 Ubi
1556 1127 1702 1161 autem
1746 1135 1833 1162 non

274 1197 471 1246 quaerunt
506 1190 564 1247 (f.
579 1194 759 1247 queunt)
794 1192 964 1247 penitus
998 1191 1201 1245 effugere,
1236 1191 1342 1232 diesi
1371 1193 1437 1232 usi
1466 1198 1579 1246 sunt,
1605 1193 1830 1234 imitantes

273 1263 479 1303 nimirum
502 1262 609 1317 illos,
636 1264 720 1318 qui,
749 1262 852 1304 dum
874 1269 1073 1304 metuunt
1094 1264 1183 1304 vim
1217 1263 1392 1319 algoris,
1427 1264 1517 1304 vim
1551 1263 1723 1306 faciunt
1754 1265 1829 1306 im-

273 1334 502 1390 pingentes
535 1334 666 1376 semel
698 1341 798 1376 ante
832 1350 877 1376 os
910 1336 1080 1376 camini.

327 1408 473 1463 {gitur
494 1408 586 1449 haee
608 1408 751 1461 diesis,
780 1423 888 1464 quae,
917 1409 1030 1450 sieut
1056 1423 1186 1464 supra
1214 1408 1417 1461 diximus,
1447 1407 1587 1450 locum
1611 1410 1828 1451 semitonii

274 1481 418 1533 sumit,
454 1494 666 1535 nusquam
699 1479 909 1520 sumenda
941 1486 1018 1533 est,
1053 1480 1134 1520 nisi
1169 1481 1249 1520 isto
1284 1480 1427 1532 modo,
1458 1495 1555 1521 eum
1589 1482 1716 1522 tritus
1759 1497 1829 1523 ea-

272 1552 411 1605 nitur,
445 1552 481 1592 &
513 1551 731 1592 tetrardus
771 1551 1076 1608 producendus
1108 1559 1172 1592 est
1212 1553 1256 1593 in
1298 1559 1432 1608 protO,
1476 1554 1719 1608 iterumque
1757 1553 1829 1594 de-

213 1613 216 1615 *
271 1623 494 1679 ponendus
528 1629 591 1664 est
624 1624 668 1664 in
701 1625 942 1679 semetipso,
967 1623 1035 1665 vel
1064 1625 1107 1665 in
1134 1624 1284 1665 eodem
1306 1625 1421 1676 trito,
1444 1623 1513 1665 vel
1537 1625 1669 1665 etiam
1692 1625 1829 1680 magis

272 1695 434 1737 infimo.
469 1695 593 1737 Tune
628 1697 769 1749 tritus,
794 1696 867 1751 qui
895 1702 1051 1751 praeest
1075 1696 1286 1749 tetrardo,
1309 1701 1502 1751 protove,
1525 1695 1829 1737 subducendus

270 1774 334 1809 est
364 1767 606 1821 modieum3
654 1782 748 1823 quae
796 1767 1025 1809 subductio
1073 1768 1317 1824 appellatur
1371 1767 1499 1808 diesis
1537 1767 1573 1808 S:
1619 1767 1828 1809 medietas

269 1841 486 1894 sequentis
519 1840 748 1893 semitonii,
783 1840 892 1880 sieut
931 1841 1206 1881 semitonium
1251 1846 1314 1880 est
1353 1839 1561 1880 medietas
1609 1839 1828 1894 sequentis

269 1912 373 1952 toni.
419 1911 575 1952 Metitu
622 1916 768 1951 autem
809 1910 890 1952 hoe
923 1911 1063 1953 modo.
1098 1911 1206 1954 Cum
1255 1926 1281 1952 a
1331 1911 1370 1953 G
1415 1910 1469 1951 ad
1512 1909 1640 1952 finem
1673 1910 1827 1952 feceris

268 1997 424 2024 novem
455 1997 618 2038 passus,
661 1983 909 2038 reperisque
941 1998 968 2023 a
999 1989 1104 2024 tunc
1137 1983 1192 2024 ab
1225 1999 1251 2024 α
1284 1982 1339 2024 ad
1371 1982 1503 2024 finem
1546 1983 1711 2037 partire
1751 1997 1828 2038 per

269 2061 446 2111 septem,
489 2054 525 2096 ἃ
563 2055 608 2096 in
642 2055 825 2095 termino
861 2050 1009 2110 primae
1042 2055 1177 2109 partis
1225 2055 1390 2109 reperis
1433 2054 1617 2109 primam
1660 2053 1824 2106 diesim,

268 2126 428 2181 interh
470 2127 506 2167 ὁὶ
544 2144 578 2167 c.
621 2126 726 2168 Mox
776 2125 990 2167 secundus
1035 2126 1070 2167 δι
1110 2126 1263 2167 tertius
1314 2140 1464 2180 passus
1516 2131 1643 2165 erunt
1686 2125 1826 2177 vacui,

270 2205 450 2254 quartus
484 2211 585 2238 vero
618 2198 735 2239 tertii
765 2197 896 2239 diesis
928 2197 1140 2239 obtinebit
1187 2197 1345 2250 locum,
1377 2196 1451 2252 qui
1498 2195 1698 2237 similiter
1742 2195 1826 2236 erit

270 2289 384 2330 inter
413 2260 430 2372 ἓ
461 2286 497 2327 ἃ
550 2273 595 2358 Ξ.
624 2286 753 2329 Modo
786 2285 916 2328 simili
949 2303 976 2328 a
1008 2287 1036 2328 cl
1065 2293 1219 2342 passus
1249 2285 1357 2326 fiant
1390 2285 1573 2327 totidem
1605 2283 1661 2326 ad
1693 2284 1824 2326 finem

267 2391 454 2433 moxque
487 2376 685 2418 secundae
718 2375 884 2432 patebit
930 2376 1062 2430 loeus,
1096 2375 1345 2432 supradicto
1386 2375 1557 2428 ordine,
1602 2389 1696 2430 quae
1743 2376 1826 2415 erit

266 2450 378 2490 inter
405 2464 438 2502 e,
462 2448 498 2490 ἀ
514 2448 555 2504 f.
576 2448 700 2490 Tune
723 2453 946 2489 revertens
969 2448 1025 2489 ad
1051 2448 1235 2504 primam
1258 2446 1425 2500 diesim,
1443 2445 1590 2487 divide
1617 2446 1672 2487 ad
1695 2445 1823 2487 finem

265 2537 342 2577 per
373 2526 571 2577 quatuor,
605 2521 640 2562 δι
672 2522 837 2577 primus
868 2520 972 2561 item
999 2535 1150 2576 passus
1174 2518 1424 2560 terminabit
1447 2518 1560 2559 inter
1592 2532 1611 2557 e
1643 2519 1678 2558 82
1701 2517 1739 2573 f
1761 2532 1825 2559 se-

755 2595 775 2620 C

264 2611 433 2653 eundus
474 2612 587 2652 inter
618 2581 632 2695 ξ
675 2610 711 2651 &
754 2654 775 2680 G
800 2609 957 2666 reliqui
978 2616 1151 2652 vacant.
1170 2608 1466 2650 Admonemus
1483 2621 1585 2649 vero
1605 2607 1821 2660 lectorem,

264 2715 317 2741 ne
350 2700 572 2741 existimet
605 2714 682 2740 nos
716 2698 926 2754 desipere,
960 2699 1124 2754 eoquod
1168 2699 1308 2754 primo
1341 2697 1563 2738 omisimus
1595 2697 1679 2739 ista
1718 2697 1823 2738 seri-

262 2771 378 2813 bere
409 2771 498 2812 Nos
529 2771 644 2812 enim
677 2776 852 2826 paratos
886 2769 1078 2824 habebit,
1111 2776 1207 2826 post
1233 2769 1363 2810 finem
1389 2769 1530 2824 operis
1557 2782 1612 2809 ex
1638 2769 1732 2809 istis
1758 2782 1822 2809 re-

264 2842 475 2899 spondere
507 2842 615 2896 sibi·
649 2857 765 2884 nune
799 2841 854 2883 ad
886 2847 1026 2897 eoepta
1057 2847 1343 2883 revertamur.
