2012 3182
327 195 396 230 384
910 191 992 226 GUI
999 190 1057 226 ΒΟ
1085 190 1298 234 ΑΒΕΤΙΝΟ

327 292 537 335 labarum.
571 289 694 332 Sicut
725 291 840 331 enim
872 288 1012 330 Lirici
1044 294 1169 344 poetae
1195 302 1312 330 nunc
1338 287 1414 329 hos
1445 302 1563 329 nunc
1595 288 1703 330 alios
1729 287 1882 347 adiun·
1920 275 1924 282 ⁹

326 380 429 406 xere
462 363 606 420 pedes,
640 363 701 404 ita
735 370 764 406 86
794 362 866 418 qui
900 367 1076 403 cantum
1111 361 1293 413 faciunt,
1327 360 1649 402 rationabiliter
1671 359 1883 402 discretas

325 451 375 478 ac
409 435 606 476 diversas
634 439 896 489 componunt
917 447 1118 486 neumas3
1153 431 1423 474 rationabilis
1450 433 1553 473 vero
1579 431 1783 474 discretio
1805 438 1883 484 est,

326 509 361 548 si
395 508 456 548 ita
488 507 544 547 sit
575 519 831 547 neumarum
858 509 887 545 ἁ
914 504 1244 546 distinctionum
1278 503 1498 545 moderata
1524 503 1725 557 varietas,
1752 509 1800 544 ut
1823 510 1885 544 ta-

327 593 424 621 men
469 592 635 619 neumae
677 578 845 617 neumis
889 579 918 616 81
955 575 1256 616 distinctiones
1301 574 1657 616 distinctionibus
1697 575 1885 630 quadam

326 664 494 706 semper
536 647 820 690 similitudine
854 647 937 689 sibi
979 653 1268 688 consonanter
1303 646 1607 702 respondeant,
1642 645 1686 686 id
1727 653 1804 699 est,
1838 652 1886 688 ut

327 725 383 764 sit
410 720 646 763 similitudo
675 719 910 774 dissimilis,
939 733 1057 761 more
1090 718 1307 774 perdulcis
1341 717 1578 759 Ambrosii.
1611 717 1708 759 Non
1741 724 1886 759 autem

328 810 464 851 parva
491 792 731 836 similitudo
759 798 824 834 est
849 792 1000 833 metris
1024 796 1052 833 ὡ
1077 790 1287 844 cantibus,
1313 805 1410 832 cum
1437 795 1466 830 όε
1491 805 1657 832 neumae
1683 790 1773 832 loco
1801 791 1886 832 sint

327 866 497 924 pedum,
523 874 551 910 &-
578 864 876 906 distinctiones
902 863 993 905 loco
1021 877 1238 915 versuum,
1268 868 1415 918 utpote
1447 864 1532 903 ista
1554 876 1710 903 neuma
1735 861 1888 917 dacty-

327 939 424 993 lico,
458 937 533 979 illa
565 951 667 978 vero
699 935 950 992 spondaico,
984 935 1058 977 illa
1089 934 1274 976 iambico
1308 941 1444 976 metro
1478 934 1739 986 decurreret,
1769 940 1798 978 8⁶
1823 933 1887 975 di-

326 1010 600 1053 stinctionem
635 1023 752 1050 nunc
784 1013 1083 1049 tetrametram
1115 1022 1231 1048 nunc
1265 1012 1596 1063 pentametram,
1627 1006 1734 1047 alias
1766 1006 1887 1061 quasi

326 1083 626 1125 hexametram
659 1094 822 1133 cernes,
858 1084 887 1121 ὣ
919 1079 1057 1120 multa
1090 1078 1191 1131 alia,
1226 1084 1273 1120 ut
1305 1078 1502 1132 elevatio,
1544 1085 1573 1121 ὣ
1614 1078 1769 1133 positio
1797 1083 1888 1118 tum

328 1156 421 1212 ipsa
452 1153 547 1206 sibi,
581 1160 673 1212 tum
717 1151 856 1193 altera
888 1151 1013 1193 alteri
1047 1150 1200 1192 similis
1235 1150 1303 1192 vel
1342 1150 1564 1192 dissimilis
1597 1155 1887 1205 praeponatur,

327 1231 610 1282 supponatur,
650 1230 908 1279 apponatur,
943 1224 1269 1279 interponatur,
1308 1222 1418 1264 alias
1462 1222 1739 1274 coniunctim,
1780 1221 1889 1262 alias

327 1299 479 1351 divise,
514 1297 624 1338 alias
656 1297 925 1338 commixtim
969 1295 1024 1336 ad
1066 1295 1181 1336 hunc
1213 1295 1402 1336 modum.
1437 1295 1548 1336 Item
1588 1300 1636 1335 ut
1669 1295 1713 1335 in
1754 1308 1888 1335 unum

328 1371 618 1412 terminentur
650 1374 795 1424 partes
824 1375 852 1411 ὣ
879 1368 1181 1409 distinctiones
1203 1381 1457 1408 neumarum
1485 1373 1615 1422 atque
1641 1366 1887 1419 verborum,

328 1456 406 1483 nec
440 1447 564 1482 tenor
597 1440 750 1493 longus
783 1442 826 1480 in
862 1438 1124 1494 quibusdam
1163 1437 1369 1479 brevibus
1408 1436 1603 1493 syllabis,
1637 1444 1713 1478 aut
1743 1436 1890 1478 brevis

327 1516 371 1555 in
413 1514 554 1567 longis
588 1514 657 1564 sit,
690 1513 794 1567 quia
822 1513 883 1564 (1)
919 1510 1246 1569 obscoenitatem
1284 1503 1415 1565 parit,
1448 1509 1562 1565 quod
1604 1516 1747 1551 tamen
1793 1523 1890 1550 raro

328 1601 434 1642 opus
467 1586 550 1626 crit
582 1599 751 1625 curare.
784 1584 894 1625 Item
927 1590 974 1624 ut
1007 1597 1150 1623 rerum
1184 1588 1367 1624 eventus
1406 1582 1468 1623 sic
1501 1582 1716 1623 cantionis
1749 1581 1891 1623 imite-

327 1664 399 1699 tur
432 1657 624 1711 effectus,
659 1661 706 1696 ut
739 1656 784 1696 in
819 1654 1019 1696 tristibus
1041 1653 1170 1696 rebus
1195 1667 1349 1709 graves
1376 1654 1463 1694 sint
1489 1667 1668 1705 neumae,
1701 1653 1745 1694 in
1773 1658 1890 1693 tran-

328 1729 476 1785 quillis
497 1728 626 1770 rebus
642 1726 864 1784 jucundae,
892 1728 935 1768 in
960 1727 1179 1782 prosperis
1210 1725 1471 1778 exultanteS,
1500 1731 1541 1766 et
1568 1723 1756 1781 reliquae.
1779 1724 1891 1767 Item

327 1817 437 1857 saepe
470 1800 649 1842 vocibus
682 1814 861 1854 gravem
897 1805 924 1842 ἃ
958 1805 1134 1840 acutum
1167 1803 1393 1840 accentum
1423 1797 1764 1853 superponimus,
1789 1796 1892 1853 quia

329 1888 441 1929 saepe
468 1879 515 1914 ut
541 1872 694 1913 maiori
722 1871 912 1927 impulsu
939 1870 1164 1926 quasdam,
1197 1871 1259 1911 ita
1293 1870 1425 1911 etiam
1458 1870 1613 1911 minori
1647 1869 1889 1910 efferimus:

331 1945 442 1987 adeo
465 1950 513 1985 ut
536 1943 726 1985 eiusdem
749 1958 860 1999 sche
881 1943 1001 1984 vocis
1027 1943 1239 1998 repetitio,
1259 1941 1443 1983 elevatio
1470 1941 1540 1982 vel
1567 1941 1777 1997 depositio
1801 1955 1893 1982 esse

329 2017 547 2058 videatur.
580 2006 692 2057 Item
725 2022 771 2056 ut
804 2016 848 2056 in
881 2014 1055 2056 modum
1088 2015 1304 2056 currentis
1330 2015 1431 2069 equi
1456 2028 1626 2069 semper
1650 2014 1694 2054 in
1721 2012 1806 2054 line
1828 2012 1891 2054 di-

328 2089 610 2131 stinctionum
645 2088 786 2129 rarius
819 2101 945 2129 voces
977 2086 1032 2128 ad
1069 2086 1211 2128 locum
1249 2085 1549 2141 respirationis
1586 2084 1811 2137 accedant,
1844 2092 1893 2126 ut

329 2161 450 2217 quasi
485 2160 612 2215 gravi
647 2173 763 2200 more
795 2158 851 2200 ad
883 2158 1206 2214 repausandum
1240 2157 1361 2199 lassae
1401 2158 1673 2213 perveniant.
1708 2156 1891 2212 Spissim

329 2241 473 2274 autem
507 2238 536 2274 ὣ
570 2246 679 2284 rare,
705 2236 832 2287 prout
865 2236 1047 2287 oportet,
1081 2237 1193 2272 notae
1226 2231 1470 2286 compositae
1511 2229 1640 2271 huius
1684 2243 1795 2285 saepe
1827 2230 1889 2269 rei

328 2310 533 2360 poterunt
567 2303 776 2345 indicium
800 2303 916 2345 dare.
943 2296 1214 2359 Liquescunt
1247 2317 1347 2344 vero
1376 2303 1420 2344 in
1445 2301 1591 2343 multis
1623 2315 1751 2343 voces
1775 2315 1891 2342 more

329 2376 590 2430 litterarum,
630 2377 691 2417 ita
736 2381 783 2417 ut
825 2376 1024 2432 inceptus
1065 2375 1215 2417 modus
1248 2375 1375 2416 unius
1416 2374 1472 2415 ad
1498 2373 1680 2416 alteram
1714 2373 1892 2429 limpide

328 2449 547 2490 transiens
580 2463 658 2489 nec
691 2447 807 2489 finiri
850 2447 1067 2489 videatur.
1100 2448 1234 2489 Porro
1266 2448 1519 2504 liquescenti
1551 2447 1648 2488 voci
1683 2452 1892 2501 punctum

329 2521 453 2576 quasi
488 2519 744 2562 maculando
776 2520 1107 2576 superponimus
1140 2519 1220 2561 hoe
1253 2519 1396 2562 modo:

845 2652 884 2693 G
946 2651 1037 2692 DE
1100 2651 1168 2693 Ga
1230 2667 1257 2692 α
1323 2651 1384 2692 G.

829 2722 902 2763 Ad
976 2728 1013 2762 te
1123 2721 1158 2762 le
1219 2737 1272 2762 va
1327 2722 1388 2761 υἱ.

379 2899 431 2943 (1)
460 2897 485 2940 t'.
514 2897 776 2933 absonitatem.
