1996 3150
713 231 862 267 GU1D0
889 229 1103 266 ARETINO
1616 229 1685 263 347

207 330 269 368 (101
303 331 448 368 Gloria
478 330 524 368 ed
553 331 652 368 altra
681 333 895 378 Sequenza
917 341 938 366 0
966 329 1095 366 laude.
1125 328 1265 367 Hanno
1284 328 1520 366 similmente
1538 327 1649 365 laudi
1668 339 1689 364 e

185 396 441 442 'intonazioni
463 395 501 433 di
523 396 667 433 Gloria
687 395 724 432 13
743 394 936 443 Epifania‚
949 395 989 432 la
1002 395 1212 432 Domenica
1227 394 1267 432 di
1279 393 1445 442 Pasqua,
1461 394 1499 430 la
1512 393 1625 431 Feria
1636 392 1688 438 H,

205 461 244 498 13
271 460 483 499 Domenica
519 460 558 498 in
597 460 721 505 Albis,
751 458 1012 498 l’Ascensione
1041 459 1088 497 ed
1117 460 1214 497 altre
1243 459 1338 497 feste
1357 459 1397 496 di
1417 458 1562 496 Santie
1581 457 1684 495 (10113

205 525 250 563 Β.
280 524 328 562 V.
359 526 495 564 Maria.

261 592 370 640 Dopo
400 591 427 628 il
456 593 643 638 Prefatio
671 602 842 641 seguono
873 590 886 627 i
916 593 1103 634 Sanctus,
1134 589 1147 626 i
1175 588 1282 638 quali
1321 588 1491 638 peraltro
1526 588 1689 625 variano

210 657 274 695 dal
303 658 449 704 nostro,
478 668 626 705 sempre
655 657 810 706 uguale‚
840 668 859 694 e
888 668 957 704 per
984 655 1118 693 talune
1145 654 1242 692 feste
1279 665 1373 692 sono
1401 652 1549 703 proprii
1587 652 1690 690 della

213 721 416 759 solennita.
447 721 507 758 Ne
535 720 806 758 trascriviamo
836 719 912 757 due
941 719 1002 757 dei
1031 720 1141 757 molti
1171 720 1240 758 che
1269 720 1448 757 contient>
1481 719 1510 756 il
1547 717 1689 755 codice.

260 788 435 823 Sanctus
453 790 575 833 pater
594 786 734 822 lumen
753 790 980 822 aeternum.
1005 787 1181 822 Sanctus
1201 790 1238 822 te
1259 790 1386 822 natus
1406 795 1459 822 ex
1475 788 1553 821 Deo
1573 787 1692 825 Deus,

206 855 375 888 sanctus
405 851 617 894 Dominus,
646 850 820 898 spiritus
859 850 1067 897 majestate
1109 850 1345 887 consimilis.
1368 853 1475 887 Deus
1505 848 1678 886 Sabaoth

206 916 331 953 Pleni
359 921 454 953 sunt
482 916 581 953 coeli
601 920 636 953 et
671 920 786 953 terra
816 916 953 964 yloria
974 920 1062 959 tua,
1091 918 1262 953 Osanna
1291 915 1337 951 in
1357 914 1540 952 excelsis.
1565 917 1693 950 Bene-

207 981 338 1018 dictus
368 984 437 1019 etc.
469 1001 485 1008 -
525 981 721 1019 Secondo:
764 984 940 1018 Sanctus
980 984 1086 1017 Deus
1119 985 1243 1028 pater
1283 980 1478 1026 ingenite.
1518 982 1695 1016 Sanctus

209 1047 342 1083 Filius
366 1050 468 1084 Deus
487 1047 713 1095 unigenite.
736 1049 914 1083 Sanctus
935 1046 1148 1090 Dominus,
1171 1045 1349 1092 Spiritus
1370 1049 1539 1081 sanctus
1561 1056 1696 1092 para·

211 1113 330 1149 clitus
351 1113 400 1149 ab
420 1117 596 1160 utroque
610 1112 849 1159 procedens.
873 1112 982 1147 Deus
999 1110 1188 1147 Sabaoth.
1210 1111 1401 1156 Sanctus,
1418 1114 1599 1155 sanctus,
1617 1120 1694 1147 ece.

211 1176 299 1215 Cosi
328 1177 432 1227 degli
461 1180 607 1224 Aynus
631 1177 701 1213 Dei
722 1177 790 1213 che
810 1187 997 1226 seguono:
1019 1178 1166 1223 Agnus
1187 1175 1259 1212 Dei
1288 1176 1364 1223 qui
1391 1175 1497 1211 tollis
1522 1179 1695 1222 peccata

208 1243 370 1282 mundi,
384 1242 580 1279 miserere
594 1242 720 1278 nobis.
745 1241 1023 1289 Omnipotens,
1042 1240 1202 1277 aeterni
1217 1242 1288 1277 Dei
1301 1239 1524 1287 sapientia,
1544 1239 1698 1276 Christe

209 1307 408 1344 miserere
429 1319 503 1345 ecc.
525 1318 600 1345 ecc.
620 1326 637 1333 -
667 1307 838 1344 Verbum
859 1306 1080 1344 subsistens
1099 1316 1193 1342 vero
1209 1305 1257 1342 de
1275 1305 1433 1342 lumine
1450 1305 1605 1350 lumen,
1621 1304 1698 1340 mi-

213 1383 349 1410 serere
380 1394 397 1400 -
435 1372 597 1422 Optima
628 1377 824 1420 perpetue
854 1372 1074 1409 concedens
1106 1370 1270 1418 =qauotia
1292 1370 1338 1406 in
1366 1373 1415 1415 te,
1437 1370 1548 1406 dona
1584 1369 1698 1406 nobis

206 1449 364 1486 pacem.

267 1502 308 1541 Si
335 1505 500 1542 trovano
529 1502 670 1552 quindi
700 1501 792 1540 altri
819 1502 928 1540 brevi
958 1501 1119 1540 verset'ti
1147 1500 1186 1538 di
1206 1499 1408 1550 preghiere
1428 1499 1550 1547 infra
1571 1500 1699 1537 actio-

217 1578 321 1612 nem,
352 1568 496 1606 variati
524 1581 601 1617 pur
629 1567 703 1605 essi
732 1566 896 1605 secondo
934 1567 971 1605 le
1009 1566 1160 1605 diverse
1197 1565 1405 1615 principali
1437 1564 1624 1602 festivita.
1662 1563 1698 1600 A

214 1633 342 1682 questi
371 1632 583 1671 succedono
599 1631 722 1670 nuovi
743 1632 925 1677 Introiti,
943 1632 1079 1677 Messe,
1114 1630 1310 1681 Seguenze
1331 1629 1377 1668 ed
1396 1629 1602 1673 Antifone‚
1622 1641 1699 1667 non

216 1699 358 1736 escluse
387 1698 515 1747 quelle
545 1710 612 1747 per
640 1698 679 1735 13
708 1698 920 1736 Domenica
950 1698 1050 1735 (10110
1078 1698 1217 1746 palme,
1249 1709 1317 1745 per
1357 1697 1466 1733 tutta
1504 1695 1542 1732 13
1578 1694 1699 1732 Setti—

213 1777 328 1802 mana
357 1763 491 1810 831113,
523 1776 590 1813 per
619 1764 657 1801 13
685 1763 842 1812 Pasqua
871 1777 890 1801 e
921 1776 989 1812 per
1018 1763 1054 1800 13
1083 1761 1337 1800 Dedicazione
1365 1760 1468 1798 della
1497 1759 1645 1798 chiesa.

266 1831 388 1868 Verso
418 1831 456 1868 13
484 1830 557 1868 fine
587 1830 648 1868 del
680 1829 818 1868 Codice
846 1829 996 1868 trovasi
1024 1841 1120 1877 pure
1142 1841 1194 1866 un
1221 1828 1322 1865 altro
1353 1826 1487 1873 Uffi'cio
1508 1825 1609 1863 della
1624 1825 1703 1862 Do-

215 1896 364 1933 menica
392 1895 491 1933 delle
521 1895 666 1942 Palme,
697 1895 766 1933 0110
795 1895 983 1933 comincia
1004 1906 1076 1932 con
1097 1892 1120 1931 Γ
1136 1893 1273 1931 isi-,essa
1293 1892 1470 1929 antifona
1489 1891 1549 1928 del
1568 1895 1702 1928 nostro

213 1961 345 1998 Pueri
364 1961 600 1998 hebreorum
619 1972 692 1998 ecc.
723 1959 868 2005 Quindi
887 1959 1008 1997 l’inno
1028 1959 1104 1997 alla
1124 1960 1239 2008 porta
1260 1958 1361 1994 della
1381 1956 1530 2002 Chiesa,
1563 1956 1701 1992 Gloria

216 2028 310 2064 laus
332 2031 368 2064 et
399 2027 543 2072 honor,
565 2038 638 2063 ecc.
669 2025 705 2062 A
733 2027 842 2063 tutto
872 2026 1008 2074 questo
1039 2024 1156 2062 fanno
1186 2023 1335 2073 segui'to
1357 2035 1495 2060 ancora
1517 2022 1615 2059 altre
1635 2033 1704 2058 an·

214 2091 338 2129 tifone
357 2090 420 2140 pei
440 2090 571 2140 giorni
598 2091 713 2138 santi,
743 2091 779 2128 10
808 2090 918 2139 quali
949 2090 1180 2128 combinano
1210 2089 1306 2126 colle
1336 2091 1466 2126 nostre
1496 2086 1641 2125 attuali
1683 2099 1704 2123 0

212 2157 325 2195 sonvi
352 2170 450 2206 pure
480 2158 514 2195 10
544 2157 617 2195 due
647 2154 755 2206 parti
779 2154 933 2206 (notate
961 2156 1072 2194 anch’
1089 2153 1186 2205 esse)
1219 2154 1305 2192 dell‘
1319 2155 1410 2192 inno
1441 2153 1593 2201 Panye
1621 2153 1704 2189 lin-

213 2234 303 2271 qua
333 2223 401 2260 0110
431 2222 463 2260 31
492 2225 606 2261 canta
634 2224 736 2261 nella
763 2223 890 2261 Messa
911 2222 1013 2260 della
1041 2222 1155 2259 Feria
1171 2220 1227 2258 IV
1256 2220 1296 2257 in
1326 2223 1554 2257 Parasceve
1582 2231 1601 2255 e
1622 2217 1703 2255 nel-

215 2287 377 2325 l’Ufizio
407 2288 506 2326 delle
536 2287 684 2337 Cinque
713 2288 872 2338 Piaghe.
903 2275 950 2326 80
980 2299 1056 2325 non
1085 2287 1153 2324 0110
1180 2286 1220 2323 111
1249 2286 1387 2334 questo
1415 2283 1506 2320 inno
1528 2286 1547 2320 0
1567 2284 1704 2320 tenuta

212 2353 251 2390 la
279 2353 424 2390 lezione
452 2354 595 2398 antica,
616 2367 635 2391 e
664 2354 757 2402 pero
787 2353 991 2391 comincia:
1025 2355 1173 2400 Pange
1193 2351 1346 2399 linqua
1363 2349 1576 2397 praelium
1607 2344 1704 2398 (non

214 2416 424 2464 lauream)
452 2418 707 2456 certaminis.
736 2418 924 2468 Vengono
953 2417 1104 2462 ultime,
1134 2416 1158 2453 l'
1175 2415 1348 2454 antifona
1387 2414 1476 2451 Vidi
1506 2424 1663 2462 aquam
1686 2425 1705 2450 0

216 2483 314 2520 altre
330 2482 480 2520 diverse
510 2483 683 2521 antifone
703 2495 722 2521 e
741 2483 904 2521 versetti
923 2496 990 2532 per
1009 2481 1224 2532 Rogazioni
1244 2494 1263 2519 e
1283 2480 1518 2530 processioni
1541 2478 1580 2516 di
1600 2478 1705 2528 peni-

215 2550 336 2595 tenza,
351 2549 425 2586 alle
457 2548 564 2597 quali
594 2550 766 2598 tengono
786 2547 912 2586 dietro
932 2549 968 2585 10
987 2548 1122 2586 11131110
1137 2549 1254 2584 stesse
1266 2545 1328 2583 dei
1346 2544 1471 2583 Santi.
1486 2544 1628 2590 Queste
1641 2544 1704 2591 poi

216 2625 310 2652 sono
339 2613 378 2650 in
409 2626 570 2651 numero
601 2613 641 2651 di
670 2613 758 2660 160,
781 2626 800 2651 0
820 2613 890 2662 pisi
910 2614 932 2650 5
953 2613 1145 2664 aggiunte
1166 2611 1505 2661 posteriormente.
1542 2609 1579 2647 Si
1600 2608 1707 2658 prin-

217 2678 318 2727 cipia
347 2678 435 2716 co]l’
448 2679 628 2716 invocare
648 2679 660 2715 i
681 2677 791 2717 Santi
821 2678 883 2716 del
903 2678 1059 2717 vecchio
1080 2678 1344 2721 Testamento,
1367 2673 1594 2724 patriarchi,
1613 2685 1706 2730 ⁴pro-

217 2742 300 2790 feti,
332 2756 406 2782 000.
437 2744 585 2782 Eccone
614 2744 643 2781 11
673 2744 1014 2782 cominciamento:
1049 2743 1198 2792 Kyrrie
1239 2732 1401 2790 eleyson
1432 2739 1708 2776 Emmanuhet

219 2809 427 2847 nobiscum
446 2811 502 2847 sis
524 2809 708 2856 Domine,
724 2819 876 2858 precor
896 2809 952 2846 sis
974 2812 1080 2845 Deus
1100 2812 1136 2845 et
1156 2807 1325 2844 adiutor
1344 2806 1400 2843 sis
1418 2805 1570 2854 kyrrie.
1590 2823 1607 2831 ·
1628 2805 1708 2840 Nos

214 2874 478 2922 peccavimus
493 2879 527 2911 et
541 2875 788 2921 erravimus,
801 2874 864 2912 tui
878 2885 1036 2920 sumus,
1052 2872 1234 2918 Domine,
1247 2872 1454 2914 miserere,
1465 2870 1576 2906 dona
1595 2868 1709 2905 nobis
