2012 3182
344 192 413 227 370
926 186 1074 223 GUIDO
1103 185 1314 231 AREJTINO

343 289 408 330 vis
434 292 498 328 est
523 285 717 328 eamdem
744 284 935 325 litteram
957 284 1002 324 in
1023 287 1207 338 utroque
1235 280 1397 323 habere
1423 281 1574 337 latere,
1606 287 1654 324 ut
1679 296 1705 323 a
1727 282 1767 323 B
1794 283 1838 324 in
1866 281 1896 336 lq,

343 375 369 400 a
399 357 436 400 C
464 359 507 398 in
541 372 573 410 c,
607 371 633 397 a
659 356 703 397 D
733 357 778 397 in
809 349 850 409 ἄ,
885 355 920 398 &
952 353 1076 411 reliq.
1109 354 1230 396 Sicut
1262 353 1377 395 enim
1409 359 1591 410 utraque
1623 368 1710 396 vox
1740 353 1892 395 eadem

343 431 488 472 littera
508 433 696 480 notatur,
719 428 780 468 ita
803 441 880 482 per
901 427 1045 468 omnia
1072 424 1264 467 eiusdem
1290 424 1532 481 qualitatiS,
1555 424 1891 480 perfectissimae-

343 517 425 559 que
447 500 744 542 similitudinis
767 505 950 554 utraque
982 498 1170 540 habetur
1191 497 1227 539 81,
1249 497 1456 539 creditur.
1476 497 1589 539 Nam
1616 498 1727 539 sicut
1757 497 1892 539 finitis

342 579 505 630 septem
538 571 691 614 diebus
724 571 896 612 eosdem
928 571 1180 626 repetimus,
1215 575 1263 610 ut
1295 583 1464 625 semper
1495 569 1684 625 primum
1717 568 1753 610 ἅτ
1784 573 1898 610 octa-

343 660 444 686 vum
467 643 666 685 eumdem
694 642 809 684 diem
837 641 1043 695 dicamus,
1068 642 1127 683 ita
1150 642 1313 696 primas
1335 641 1370 682 ἃ
1386 646 1560 682 octavas
1584 654 1752 697 semper
1775 654 1900 682 voces

342 717 492 758 eodem
519 715 769 757 charactere
801 713 1037 770 figuramus
1061 714 1096 755 ἃ
1130 713 1325 767 dicimus,
1351 714 1451 769 quia
1474 728 1546 755 eas
1564 713 1776 755 naturalis
1803 727 1900 754 con·

343 787 490 829 cordia
521 801 757 828 consonare
776 786 999 839 sentimus,
1026 791 1073 826 ut
1100 786 1144 826 D
1167 785 1202 827 ἃ,
1229 786 1268 827 cl.
1289 785 1486 841 Utraque
1507 786 1622 826 enim
1648 791 1746 826 tono
1775 785 1810 826 &
1836 799 1901 825 se-

344 860 534 912 mitonio,
558 859 593 899 &
616 858 782 899 duobus
807 859 919 900 tonis
952 858 1202 912 remittitur,
1236 858 1271 899 ἅ
1303 859 1405 899 item
1440 864 1538 898 tono
1562 857 1597 898 ἃ,
1619 857 1841 899 semitonio
1868 857 1904 898 ὅτ,

345 930 497 973 duobis
529 932 636 972 tonis
668 930 922 972 intenditur.
956 930 1085 972 Unde
1112 930 1147 971 ὦ
1174 931 1217 971 in
1245 929 1439 972 canendo
1473 929 1556 970 duo
1590 935 1664 970 aut
1696 935 1795 983 tres,
1829 934 1905 970 aut

345 1002 490 1059 plures
510 1009 721 1055 cantores,
742 1009 869 1058 prout
895 1001 1095 1058 possibile
1128 1001 1271 1056 fuerit,
1295 1007 1330 1043 si
1355 1016 1430 1057 per
1465 1001 1576 1043 lianc
1610 1001 1795 1057 speciem
1826 999 1905 1042 dif-

345 1074 582 1116 ferentibus
626 1073 803 1115 vocibus
835 1073 1029 1115 eamdem
1076 1073 1317 1130 quamlibet
1356 1073 1661 1130 symphoniam
1698 1073 1908 1129 incipient

346 1148 382 1188 82
413 1146 657 1198 decantent,
679 1145 920 1200 miraberis,
952 1152 993 1187 te
1027 1146 1198 1187 casdem
1228 1161 1353 1188 voces
1377 1146 1561 1188 diversis
1587 1145 1703 1198 locis,
1732 1144 1806 1186 sed
1827 1145 1906 1186 mi—

345 1219 460 1260 nime
492 1218 685 1259 diversas
718 1217 890 1271 habere,
925 1218 1195 1275 eundemque
1227 1225 1404 1259 cantum
1436 1232 1614 1272 gravem
1655 1218 1690 1258 <Q
1731 1221 1907 1258 acutum

345 1290 381 1331 ἃ,
413 1296 718 1345 superacutum
751 1296 897 1330 tamen
930 1291 1113 1331 univoce
1146 1304 1348 1331 resonare
1381 1289 1460 1331 hoc
1495 1289 1634 1330 modo.

421 1479 460 1506 Su
623 1487 632 1495 ,
688 1440 723 1483 ἰ
784 1462 801 1480 a
856 1440 940 1481 '25
991 1464 1007 1480 21
1077 1462 1095 1480 a
1134 1450 1199 1493 ‘h
1338 1442 1403 1494 15)
1483 1450 1542 1491 a}
1641 1451 1642 1495 1
1685 1452 1740 1483 ai
1795 1441 1837 1482 ‘as

463 1481 642 1546 pffimmcuiar
721 1486 803 1536 iga
872 1487 1008 1529 afra
1078 1510 1095 1529 a
1152 1491 1209 1544 7¹2
1281 1511 1296 1529 c
1378 1489 1413 1533 ’ἦ
1483 1486 1603 1535 aig
1685 1510 1704 1529 a
1808 1511 1827 1529 a

470 1583 598 1609 Acutae.
725 1556 829 1626 ¹Gaui
873 1588 902 1607 a.
948 1581 1016 1607 Ga.
1076 1590 1104 1607 a.
1133 1577 1134 1612 l
1178 1578 1191 1619 'q
1279 1588 1295 1607 c
1338 1567 1339 1573 4
1383 1568 1397 1618 ἢ
1484 1589 1503 1607 a
1542 1552 1603 1619 ]·(;
1685 1588 1704 1607 a
1740 1580 1743 1616 ζ
1809 1588 1828 1607 a

381 1646 599 1710 —Zaves
640 1645 829 1710 ⁷⁴²2]
867 1646 926 1709 4.
950 1683 1022 1709 ri,
1071 1656 1136 1714 ,41
1171 1683 1204 1708 Β.
1281 1683 1304 1709 Β
1339 1673 1340 1690 ¹
1374 1645 1449 1708 Β
1478 1684 1501 1708 A
1577 1645 1726 1709 Γ4ῑ4444
1769 1645 1827 1709 444

420 1748 444 1752 ’4
577 1749 581 1750 4
626 1749 630 1750 4
710 1748 714 1749 4
740 1786 810 1812 Sum
859 1785 897 1811 nii
965 1747 1008 1812 re-
1026 1747 1102 1824 {1338
1168 1793 1203 1812 ar
1247 1747 1332 1813 chan>
1354 1747 1831 1817 ,11εὴ44414ζ441411144ὴοῇζ44ἶ4ε]

410 1949 520 1991 Item
553 1950 585 1989 si
619 1947 801 1989 eandem
834 1947 1117 2002 antiphonam
1145 1937 1304 2003 partim
1332 1946 1554 2002 gravibus,
1582 1949 1740 2002 partim
1772 1947 1909 1988 acutis

347 2022 462 2063 sonis
486 2020 745 2072 cantaveris,
772 2025 848 2064 aut
870 2018 1192 2074 quantumlibet
1214 2033 1288 2073 per
1311 2018 1424 2060 hanc
1447 2019 1635 2075 speciem
1652 2019 1910 2072 variaveris,

349 2092 501 2134 eadem
532 2106 685 2133 vocum
720 2092 864 2132 unitas
896 2090 1137 2146 apparebit.
1173 2089 1301 2131 Unde
1345 2096 1469 2146 poeta
1513 2091 1736 2132 verissime
1770 2089 1909 2145 dixit3

349 2172 501 2221 septem
533 2165 783 2205 discrimina
815 2178 986 2205 vocum:
1022 2164 1123 2219 quia
1157 2164 1237 2205 etsi
1271 2162 1418 2219 plures
1452 2164 1537 2205 sint
1571 2162 1639 2204 vel
1671 2162 1791 2216 fiant,
1824 2177 1910 2204 non

351 2244 414 2279 est
444 2236 631 2278 aliarum
664 2235 862 2290 adiectio,
887 2235 960 2277 scd
989 2235 1215 2277 renovatio
1238 2234 1486 2276 earumdem
1508 2235 1543 2276 St,
1569 2235 1788 2291 repetitio.
1814 2235 1909 2276 Hac

351 2325 426 2352 nos
448 2309 501 2351 de
528 2324 660 2351 causa
693 2323 839 2350 omnes
873 2323 997 2350 sonos
1031 2308 1271 2350 secundum
1304 2309 1505 2350 Boetium
1529 2309 1564 2350 ὁὶ
1586 2309 1786 2365 antiquos
1818 2323 1910 2350 mu-

351 2382 460 2423 sicos
493 2387 656 2437 septem
690 2380 846 2422 litteris
879 2372 1179 2436 figuravimus,
1214 2395 1311 2422 cum
1345 2380 1538 2422 moderni
1573 2380 1748 2436 quidam
1781 2381 1910 2421 nimis

351 2454 523 2495 incaute
574 2458 760 2509 quatuor
808 2458 977 2493 tantum
1025 2453 1148 2508 signa
1181 2459 1432 2509 posuerunt,
1466 2453 1666 2509 quintum
1704 2451 1910 2494 videlicet

352 2539 503 2566 sonum
534 2522 684 2566 eodem
719 2523 878 2580 ubique
910 2523 1160 2566 charactere
1194 2524 1453 2580 figurantes,
1487 2539 1585 2566 cum
1609 2523 1909 2566 indubitanter

353 2610 503 2638 verum
537 2597 603 2648 sit,
639 2595 753 2652 quod
777 2595 954 2652 quidam
978 2597 1070 2637 soni
1102 2612 1127 2638 a
1161 2597 1248 2638 suis
1275 2597 1452 2653 quintis,
1479 2602 1527 2638 ut
1553 2596 1594 2637 B
1614 2596 1649 2637 ἃ,
1676 2596 1718 2637 F
1737 2597 1909 2638 omnino

353 2668 613 2722 discordent,
645 2669 872 2724 nullusque
905 2680 1033 2710 sonus
1059 2682 1157 2709 cum
1180 2683 1254 2710 suo
1280 2670 1428 2724 quinto
1451 2667 1640 2725 perfecte
1663 2666 1908 2709 concordet.

352 2739 481 2781 Nulla
504 2741 619 2782 enim
643 2754 724 2782 vox
752 2754 849 2782 cum
872 2739 1009 2781 altera
1036 2745 1195 2796 praeter
1218 2746 1416 2783 octavam
1438 2740 1626 2796 perfecte
1659 2739 1909 2781 concordat.
