2012 3182
301 130 366 164 444
903 124 1052 161 GUIDO
1078 124 1291 160 ARETINO

306 225 580 265 Consolamini.
1123 222 1316 260 Dominus
1346 222 1546 270 tamquam
1576 221 1670 259 ovis.

305 292 559 340 Omnipotens
588 301 725 328 sermo.
1123 287 1289 326 Oblatus
1318 289 1387 325 est.

307 357 338 395 O
367 357 559 406 sapientia
587 359 627 394 et
654 356 785 394 ceteri.
1123 353 1313 391 Tulerunt
1341 351 1500 401 lapides.

308 422 339 460 O
370 423 429 460 lex
459 435 527 472 per
554 422 729 471 Moysen.
1126 418 1304 456 Calicem.

305 487 399 538 Spes
427 487 585 525 Domini
1126 484 1270 521 Mihael
1299 482 1565 532 Archangelus

307 553 537 591 Constantes
1128 549 1164 586 A
1192 551 1317 598 porta.

304 619 408 657 Dens
438 632 460 656 a
488 618 650 656 Libano.
1126 614 1209 664 Ego
1238 627 1325 652 sum
1354 615 1418 663 qui
1450 626 1547 651 sum.

308 686 452 723 Levate
480 685 622 734 capita.
1127 680 1289 718 Crucem
1318 682 1504 718 sanctam.

305 749 433 795 Quem
464 749 616 788 vidistis
1129 745 1238 783 Vado
1269 745 1318 783 ad
1347 758 1449 783 eum.

307 816 449 854 Genuit
478 827 681 865 puerpera.
1128 811 1286 861 Rogabo
1317 812 1482 860 patrem.

304 882 388 920 Lux
419 883 506 920 orta
534 883 603 919 est.
1121 878 1234 916 Stans
1265 892 1286 916 a
1314 878 1441 927 longe.

304 949 408 986 Ante
436 947 656 985 luciferum.
1123 943 1367 993 Significavit
1393 943 1511 980 Deus.

305 1014 466 1052 Psallite
496 1014 664 1051 Domino
697 1015 842 1051 nostro.
1126 1010 1171 1048 In
1200 1010 1354 1049 nomine
1383 1008 1654 1047 Jesn-Christi.

305 1079 426 1129 Cujus
456 1078 798 1129 pulchritudinem.
1126 1076 1280 1113 Bonum
1311 1077 1516 1113 certamen.

305 1146 460 1183 Ancilla
489 1145 643 1183 Christi.
1127 1140 1206 1178 Vos
1237 1142 1303 1190 qui
1332 1142 1455 1179 secuti
1489 1140 1592 1178 estis.

307 1211 540 1249 Benedictus
571 1224 622 1249 es.
1126 1207 1289 1244 Domine
1319 1219 1387 1245 rex
1416 1206 1673 1256 omnipotens,

307 1276 338 1315 O
368 1277 534 1314 Domine
562 1276 727 1313 salvum.
1128 1273 1159 1311 O
1188 1273 1351 1310 beatum
1379 1272 1519 1310 virum.

304 1342 480 1380 Laudate
509 1342 734 1379 Dominum.
1125 1339 1248 1389 Virgo
1279 1338 1460 1388 gloriosa.

305 1408 414 1446 Tunc
443 1407 666 1456 assumpsit.
1127 1405 1344 1442 Ambulans
1373 1404 1487 1442 Jesus

306 1472 531 1521 Assumpsit
560 1472 687 1509 Jesus.
1127 1470 1333 1520 Templum
1361 1465 1520 1507 Domini
1547 1471 1722 1507 sanctum

309 1537 515 1588 Arguebat
544 1537 752 1575 Herodem.
1132 1535 1296 1585 Lapides
1326 1535 1500 1584 pretiosi.

309 1604 533 1642 Astiterunt
562 1603 686 1653 Reges
1127 1601 1173 1638 In
1203 1614 1357 1639 omnem
1385 1602 1528 1638 terram

305 1668 517 1707 Benedicat
546 1677 613 1707 nos
1127 1666 1171 1704 In
1199 1667 1284 1717 lege
1313 1667 1485 1704 Domini.

305 1736 429 1773 Nemo
459 1735 499 1772 in
530 1747 617 1773 eum
1128 1733 1220 1770 Filii
1248 1733 1460 1771 hominum.

306 1801 499 1839 Dominus
527 1801 623 1838 deus
654 1799 877 1838 auxiliator.
1124 1797 1389 1837 Invocantem.

307 1866 472 1905 Framea
500 1866 613 1904 fusci.

498 2067 634 2106 Gloria
780 2068 1002 2106 seculorum
1114 2080 1235 2106 amen.
1437 2066 1676 2105 Innocentes.

923 2157 967 2195 In
995 2156 1152 2206 spiritu.

919 2220 998 2259 Vos
1028 2221 1236 2260 ascendite.

922 2287 1045 2326 Beata
1072 2289 1210 2325 mater.

942 2431 982 2456 IN
1012 2429 1257 2456 INTROITIBUS

354 2528 635 2619 23—
646 2533 1230 2611 ‘'-issffssh—
1137 2526 1893 2600 -zssss—'W

422 2633 554 2672 Gloria
745 2632 968 2670 seculorum
1149 2644 1273 2670 amen.
1383 2631 1483 2669 Veni
1567 2633 1604 2668 et
1732 2629 1891 2668 ostende

306 2729 494 2766 Dominus
524 2727 621 2766 dixit
651 2727 699 2765 ad
728 2740 800 2765 me.
1129 2726 1296 2765 Vultum
1326 2729 1449 2765 tuum.

306 2794 362 2832 Ex
392 2806 458 2831 ore
487 2793 708 2831 infantium.
1130 2793 1226 2830 Ecce
1255 2791 1423 2831 advenit.
