2012 3182
331 170 401 204 366
921 167 1070 202 GUIDO
1095 167 1309 203 ARETINO

332 267 428 304 CAP.
459 266 603 304 XIII...
628 265 683 302 De
711 265 800 302 octo
829 263 1035 301 modorum
1065 263 1285 311 agnitione,
1316 264 1498 302 acumine
1527 266 1564 303 ἃ.
1594 266 1816 315 gravitate.

331 331 424 369 Off.
454 330 600 368 XIV...
622 330 721 366 Item
752 329 801 366 de
829 328 958 378 tropis
987 329 1023 366 ἆ
1054 328 1206 366 virtute
1236 329 1414 368 Musicae.

332 395 428 433 CAP.
457 395 535 432 XV
540 424 600 432 .....
622 395 680 431 De
701 394 906 432 commoda
925 393 991 431 vel
1013 395 1284 443 componenda
1305 394 1591 449 modulatione.

330 460 426 498 GM).
456 460 597 497 XVI...
620 459 678 496 De
707 458 923 508 multiplici
954 459 1156 497 varietate
1188 471 1374 497 sonorum
1404 462 1440 497 ἃ
1471 472 1716 499 neumarum.

330 525 423 564 CAP.
454 525 597 563 XVII..
618 525 727 566 Quod
757 525 806 562 ad
835 526 995 562 cantum
1024 524 1228 573 redigitur
1257 537 1386 571 omne,
1415 525 1518 574 quod
1549 525 1710 565 dicitur.

329 589 426 628 CAP.
447 590 598 628 XVIII.
620 590 677 627 De
708 589 933 638 diaphonia,
965 589 1004 627 id
1034 592 1096 628 est
1125 589 1266 639 organi
1296 593 1509 640 praeeepto.

329 655 426 694 ΟΑΡ.
454 656 593 693 XIX...
615 655 742 693 Dictae
764 653 988 704 diaphoniae
1010 665 1082 703 per
1102 654 1280 704 esempla
1296 655 1492 704 probatio.

328 723 423 761 GAp.
454 722 599 760 XL...
619 721 820 763 Quomodo
850 721 1003 759 Musica
1033 733 1085 759 ex
1115 721 1352 759 malleorum
1383 721 1515 759 sonitu
1544 721 1598 760 sit
1627 722 1805 761 inventa.

977 1009 1178 1052 CAPUT
1212 1010 1233 1050 I

364 1144 470 1177 QUID
503 1143 675 1183 FACIAT,
708 1143 783 1177 QUI
816 1144 867 1171 SE
901 1144 957 1170 AD
990 1143 1268 1172 DISCIPLINAM
1302 1144 1477 1173 MUSICAE
1509 1144 1641 1172 ARTIS
1673 1130 1854 1172 PARAT‘?

381 1290 525 1343 Igitur
558 1289 631 1344 qui
666 1295 858 1330 nostram
892 1287 1171 1343 disciplinam
1199 1289 1321 1343 petit,
1349 1289 1596 1344 aliquantos
1630 1278 1783 1331 cantus
1815 1303 1891 1330 no-

323 1349 423 1401 stris
447 1361 559 1401 notis
583 1360 826 1415 descriptos
852 1359 1066 1412 addiscat,
1094 1360 1138 1400 in
1161 1359 1445 1401 monochordi
1469 1375 1550 1401 usu
1568 1376 1747 1401 manum
1764 1374 1891 1402 exer-

323 1437 431 1483 ceat,
466 1430 631 1485 hasque
663 1430 839 1486 regulas
878 1445 991 1486 saepe
1025 1431 1274 1484 meditetur,
1309 1431 1445 1472 donec
1478 1432 1523 1472 vi
1557 1432 1592 1472 ὥ
1626 1438 1783 1473 natura
1815 1448 1892 1474 vo-

321 1517 419 1542 cum
452 1502 641 1556 cognita,
676 1502 845 1557 ignotos
876 1508 925 1542 ut
951 1508 1072 1543 notos
1096 1508 1249 1543 cantus
1278 1504 1477 1543 suaviter
1504 1509 1647 1544 canat.
1677 1502 1762 1545 Sed
1787 1504 1887 1558 quia

322 1588 461 1627 voceS,
491 1588 585 1629 quae
614 1572 744 1614 huius
767 1575 874 1614 artis
899 1574 1042 1629 prima
1067 1580 1167 1615 sunt
1190 1573 1488 1628 fundamenta,
1518 1575 1563 1615 in
1596 1575 1890 1617 monochordo

320 1644 475 1686 melius
509 1646 742 1698 intuemur,
777 1645 992 1701 quomodo
1026 1660 1098 1686 eas
1139 1644 1303 1687 ibidem
1345 1661 1416 1686 ars
1464 1653 1666 1688 naturam
1715 1647 1885 1688 imitata

320 1716 542 1770 discrevit,
577 1717 778 1772 primitus
812 1716 1052 1757 videamus.

959 1930 1161 1972 CAPUT
1196 1931 1242 1971 ΙΙ

540 2063 640 2096 QUAE
674 2063 758 2090 VEL
792 2063 962 2096 QUALEs
995 2063 1096 2091 smT
1129 2063 1289 2091 NOTAAE
1323 2063 1408 2090 vm,
1442 2048 1593 2096 QUOT?
1616 2048 1654 2080 (¹)

375 2209 496 2250 Notae
530 2215 677 2250 autem
711 2210 756 2250 in
788 2209 1076 2250 monochordo
1111 2208 1175 2250 hae
1209 2216 1324 2251 sunt.
1358 2209 1410 2250 In
1443 2209 1596 2264 primis
1628 2214 1817 2264 ponatur
1850 2207 1884 2251 Γ

315 2296 504 2336 graecum
537 2296 562 2321 a
594 2281 813 2322 modernis
847 2281 1118 2322 adiunctum.
1153 2280 1406 2337 Sequuntur
1449 2288 1615 2336 septem
1658 2279 1882 2337 alphabeti

316 2352 472 2393 litterae
496 2368 669 2407 graves,
700 2353 884 2409 ideoque
911 2353 1152 2394 maioribus
1178 2352 1337 2394 litteris
1364 2353 1598 2407 insignitae,
1627 2352 1707 2393 hoc
1736 2352 1885 2393 modo:

316 2422 355 2464 A
386 2424 427 2464 B
457 2422 558 2465 CD
581 2425 624 2465 E
650 2425 691 2464 F
719 2423 772 2466 G.
796 2425 898 2465 Post
929 2424 1007 2465 has
1040 2424 1105 2466 hae
1138 2424 1300 2466 eaedem
1335 2430 1499 2480 septem
1538 2423 1695 2464 litterae
1746 2430 1883 2464 acutae

314 2502 583 2551 repetuntur,
603 2496 678 2537 scd
697 2496 938 2538 minoribus
962 2495 1121 2537 litteris
1143 2495 1465 2548 describuntur,
1485 2496 1529 2535 in
1553 2493 1710 2550 quibus
1735 2500 1881 2535 tamen

316 2568 429 2608 inter
455 2583 481 2607 a
504 2567 539 2608 ἃ,
564 2567 578 2620 h
602 2567 735 2608 aliam
757 2568 778 2609 b
807 2568 1018 2623 ponimus,
1043 2583 1173 2623 quam
1199 2567 1432 2608 rotundam
1462 2567 1671 2618 facimus3
1695 2565 1880 2606 alteram

314 2653 417 2678 vero
451 2639 782 2695 quadravimus.
810 2640 879 2680 Ita
903 2655 929 2679 a
952 2639 973 2679 b
995 2650 1009 2691 r,
1032 2654 1051 2677 c
1074 2638 1102 2678 cI
1122 2638 1190 2694 ef
1207 2655 1247 2693 ss.
1276 2638 1493 2679 Addimus
1527 2636 1594 2677 his
1623 2636 1780 2677 eisdem
1811 2635 1884 2677 lit-

363 2847 418 2891 (l)
445 2846 518 2880 MS.
545 2847 715 2881 ADMONT.
751 2848 803 2880 De
830 2857 979 2880 muniere
1007 2848 1039 2880 (Ρ
1065 2846 1282 2880 (limentinus
1311 2850 1493 2880 notorum.
