2012 3182
320 136 388 171 456
915 135 1066 171 GUIDO
1093 135 1305 171 ARETINO

879 304 1177 342 OAPITULUM
1206 304 1261 342 VI
1292 302 1351 355 (1)

831 408 973 433 INCIPIT
1002 408 1227 434 AUTHENFUS
1260 407 1392 433 TRITUS

375 510 469 547 Post
488 510 592 560 proti
611 509 836 559 deuterique
856 509 1026 560 digestas
1056 509 1191 547 ordine
1219 510 1363 548 formas
1391 510 1472 547 tam
1503 509 1676 559 plagales
1704 521 1900 558 quamque

322 574 538 613 autenticas
568 574 653 612 triti
680 587 724 612 ac
751 574 918 612 tetrardi
949 575 1027 613 vim
1065 587 1189 623 usque
1217 573 1393 625 indagini
1427 574 1630 612 debentur.
1666 574 1722 611 Ex
1758 575 1900 623 quibus

323 639 473 689 primus
513 639 657 688 duplex
686 642 724 678 et
752 639 916 677 ulterior
953 639 1116 689 simplex
1145 640 1322 678 habetur.
1350 639 1407 676 Ex
1445 639 1726 688 supradigestis
1766 640 1901 677 autem

323 705 445 754 tropis
465 705 526 743 vel
548 705 659 746 tonis,
681 705 749 754 qui
770 705 950 743 similiter
970 705 1140 754 duplices
1162 705 1365 752 habentur,
1387 706 1418 743 is
1440 704 1643 742 modorum
1665 705 1704 742 in
1721 702 1900 742 omnibus

321 770 557 821 dignitatem
586 771 825 809 sortiebatur
853 771 1033 818 nominis,
1063 771 1133 820 qui
1162 771 1201 808 in
1231 771 1444 809 elevatione
1465 771 1702 819 plurioribus
1730 771 1901 819 pollebat

320 837 432 875 tonis.
464 837 578 886 Isque
608 837 646 874 in
676 840 833 875 tantum
858 837 1112 886 judicabatur
1153 837 1402 883 minimellus,
1433 837 1495 874 cui
1524 837 1723 886 pauciores
1753 836 1792 873 in
1821 837 1900 875 ele-

321 905 477 942 vatione
506 904 667 941 aderant
695 904 789 949 toni,
820 905 863 941 ut
893 915 961 940 nec
990 903 1143 941 nomine
1173 902 1431 940 arbitraretur
1460 902 1599 952 dignus
1619 901 1723 951 quod
1743 902 1783 940 in
1802 903 1899 941 trito

322 969 479 1008 minime
508 970 747 1016 observatur,
769 970 835 1007 sed
855 969 983 1007 minor
1003 968 1169 1006 nominis
1189 968 1422 1018 dignitatem
1442 969 1618 1018 adeptus
1641 969 1756 1007 solita
1777 968 1901 1006 caruit

321 1038 458 1086 major.
489 1036 620 1086 Igitur
648 1037 694 1073 ut
724 1036 762 1073 in
793 1036 930 1074 ceteris
950 1037 1077 1085 major
1096 1036 1158 1073 hic
1175 1036 1387 1085 primatum
1420 1037 1564 1083 teneat,
1594 1035 1810 1072 notandum
1844 1036 1900 1072 est

323 1103 512 1141 minorem
534 1101 783 1141 tetrardicam
813 1102 954 1139 habere
982 1102 1075 1150 vim,
1096 1101 1161 1139 sed
1184 1101 1223 1138 in
1244 1101 1471 1148 elevatione,
1494 1114 1568 1139 non
1589 1101 1629 1138 in
1649 1100 1899 1150 depositione.

560 1193 775 1241 'Proporum
805 1192 964 1241 quintus
994 1192 1108 1229 trit-us
1138 1191 1306 1241 agricole
1335 1191 1463 1230 dictus

563 1258 787 1307 Insequitur
814 1257 1016 1307 splendens
1045 1269 1176 1295 croceo
1206 1257 1402 1306 rubroque
1433 1257 1568 1296 colore.

560 1323 634 1360 Hic
662 1324 855 1361 monstrat
883 1324 1030 1361 ceteras
1058 1334 1174 1370 super
1203 1322 1402 1372 signacula
1431 1324 1550 1361 notas.

561 1389 779 1426 Deuterum
809 1390 846 1425 et
876 1390 1032 1437 protum
1062 1387 1280 1436 subscripto
1311 1387 1444 1425 ordine
1472 1387 1645 1437 primum

561 1454 740 1505 Claviger
769 1467 812 1493 ac
842 1454 954 1493 fortis
984 1456 1128 1493 reserat
1157 1454 1210 1492 sic
1240 1446 1339 1492 ostia
1367 1454 1483 1492 v-ocis.

375 1557 479 1595 Nota
508 1557 613 1606 quod
642 1557 727 1595 finis
757 1557 885 1607 quinti
913 1556 1019 1595 modi
1048 1556 1201 1596 noviter
1231 1555 1458 1594 emendatus
1477 1557 1536 1594 est
1554 1555 1602 1594 ad
1623 1556 1900 1605 proprietatem

320 1624 494 1674 ejusdem
515 1624 609 1669 toni,
631 1626 720 1673 quia
740 1624 805 1661 ille
824 1623 909 1661 finis
930 1624 996 1673 qni
1015 1623 1056 1661 in
1076 1635 1144 1661 uso
1166 1624 1261 1670 erat,
1283 1635 1359 1661 non
1380 1624 1532 1672 poterat
1553 1634 1630 1660 esse
1660 1623 1780 1672 hujus
1801 1622 1898 1669 toni,

321 1690 395 1728 nisi
425 1689 599 1728 finiretur
620 1701 711 1728 voce
732 1690 858 1728 tertia.
891 1689 1001 1735 Quod
1030 1689 1061 1726 si
1092 1689 1199 1727 fieret
1227 1690 1419 1738 quantum
1447 1687 1497 1726 ad
1527 1687 1782 1727 elevationem
1813 1701 1896 1737 per-

321 1757 432 1803 tinet,
464 1756 571 1794 nulla
599 1756 816 1794 differentia
845 1757 943 1794 esset
971 1756 1072 1793 inter
1101 1757 1262 1793 autento
1293 1755 1467 1794 tetrardo
1496 1758 1536 1792 et
1563 1755 1671 1793 trito.

604 1844 862 1877 Ῑιιιι

319 1844 556 1934 {ss-i

911 1865 952 1900 2·
976 1881 1006 1932 q
1033 1882 1092 1941 „¹⁷
1127 1890 1145 1910 i
1177 1890 1290 1949 ⁴-3
1340 1840 1905 1940 .,-††F·T.-—.<,T‡

405 1975 582 2024 Quinque
612 1974 823 2024 prudentes
934 1975 1181 2012 intraverunt
1211 1974 1259 2011 ad
1449 1974 1607 2023 nuptias

1107 2112 1120 2147 l

321 2224 937 2319 ἑξ-ῖῖη-ῆῌῆ
1058 2224 1102 2283 ,ε
1246 2224 1280 2258 ·‡
1506 2230 1693 2282 ---‡
1730 2230 1906 2265 *τε

565 2341 697 2379 Gloria
1007 2340 1230 2378 seculorum
1644 2349 1765 2375 amen.

323 2425 409 2463 Vox
439 2425 653 2463 clamantis.
1139 2423 1288 2462 Solvite
1316 2423 1519 2471 templum,

321 2492 473 2529 Montes
504 2493 543 2529 et
572 2502 715 2529 omnes.
1144 2489 1386 2527 Exultabunt
1415 2488 1556 2526 omnia.

322 2559 528 2598 Letamini.

377 2638 422 2675 In
452 2637 632 2687 predictis
660 2635 883 2685 antiphonis
904 2637 943 2674 et
971 2648 1102 2673 earum
1123 2634 1316 2673 similibus
1337 2634 1507 2672 formula
1527 2634 1595 2673 hec
1616 2635 1674 2673 est
1694 2635 1891 2684 apposita;

326 2704 365 2742 in
393 2702 716 2752 subsequentibus
744 2704 876 2740 autem
905 2701 981 2740 erit
1009 2701 1190 2739 similiter
1219 2701 1408 2751 apposita.

375 2834 426 2881 (1)
454 2832 545 2868 Vedi
572 2836 663 2868 nota
687 2831 746 2867 del
772 2832 873 2877 Capo
898 2830 1135 2877 precedente.
