1996 3150
720 213 869 248 GUIDO
898 212 1109 247 ARETINO
1627 212 1695 246 :383

303 352 1536 402 GGFaGctaaanGflc'ch

290 413 476 457 Linguam
528 412 721 455 refrenans
772 416 951 456 temperet,
1000 423 1044 446 ne
1096 411 1170 446 litis
1221 413 1349 447 horror
1398 413 1541 447 insonet

392 496 480 530 ed
548 496 694 531 cde
751 507 839 530 ea
895 496 925 529 G
987 507 1009 529 α
1073 495 1457 544 σῇοαΓΟῧ

376 557 493 590 risum
544 556 698 590 sot-endo
748 558 926 599 conteqat,
976 566 1018 589 ne
1068 556 1253 590 vanitates
1305 556 1458 589 hauriat

188 639 239 680 In
275 640 362 681 sola
394 641 508 680 enim
538 640 690 680 ultima
716 646 840 695 parte
879 639 960 681 hoc
1004 646 1306 694 argumentum
1340 638 1610 695 reliquimus,
1648 646 1694 680 ut

130 710 289 752 melum
321 725 396 751 suo
428 709 623 751 tetrardo
656 711 917 751 conveniens
951 710 1244 752 redderemus.
1273 710 1383 752 Cum
1418 711 1564 766 itaque
1604 712 1692 752 suis

127 788 299 823 tantum
332 780 557 822 vocalibus
591 781 768 837 quidam
801 787 955 822 cantus
987 781 1220 837 quamdam
1253 788 1400 837 aptam
1433 782 1516 823 sibi
1548 781 1693 823 vindi-

127 858 196 894 cet
228 852 336 894 adeo
368 852 645 905 cantilenam,
679 867 761 893 non
797 858 861 893 est
893 851 1086 905 dubium,
1121 854 1225 908 quin
1263 852 1339 894 fiat
1381 854 1622 909 aptissima,
1656 855 1691 894 si

128 925 173 965 in
196 923 343 965 multis
370 926 638 965 exercitatus
667 924 718 965 de
742 923 938 979 pluribus
959 925 1131 979 potiora
1151 930 1334 977 tantum,
1355 923 1523 979 sibique
1547 925 1692 981 aptius

126 995 434 1052 respondentia
467 996 615 1051 eligas,
647 995 818 1036 hiantia
851 995 1066 1050 suppleaS,
1087 1010 1332 1050 compressa
1363 995 1567 1051 resolvas,
1592 1011 1690 1052 pro-

125 1067 257 1109 ducta
279 1068 460 1108 nimium
484 1066 729 1120 contrahas,
754 1082 804 1108 ac
832 1067 962 1108 nimis
986 1072 1207 1107 contracta
1232 1066 1465 1122 distendas,
1486 1074 1535 1108 ut
1557 1083 1689 1108 unum

125 1138 242 1194 quod
275 1145 530 1180 accuratum
563 1153 669 1193 opus
701 1137 877 1179 efficias.

185 1209 303 1250 Illud
338 1216 547 1264 praeterea
579 1210 689 1250 scire
722 1215 763 1249 te
796 1208 908 1262 volo,
942 1209 1054 1264 quod
1089 1210 1133 1249 in
1177 1223 1338 1250 morem
1378 1210 1476 1264 puri
1520 1212 1687 1264 argenti

126 1281 265 1321 omnis
299 1286 452 1321 cantus
485 1295 568 1336 quo
601 1281 739 1335 magis
774 1281 975 1333 usitatur,
1011 1295 1059 1321 eo
1086 1281 1224 1335 magis
1253 1280 1485 1335 coloratur,
1514 1289 1543 1326 ἂν
1575 1281 1690 1337 quod

125 1350 252 1392 modo
275 1351 491 1407 displicet,
515 1366 592 1407 per
618 1366 746 1392 usum
764 1351 888 1407 quasi
907 1351 1010 1392 lima
1027 1351 1212 1407 politum
1234 1358 1384 1407 postea
1402 1351 1690 1406 collaudatur,

124 1435 176 1464 ac
202 1437 280 1478 pro
314 1422 568 1464 diversitate
600 1423 795 1478 gentium
828 1437 879 1464 ac
913 1424 1137 1477 mentium,
1171 1423 1286 1478 quod
1325 1423 1426 1464 huic
1473 1423 1687 1479 displicet,

124 1494 180 1535 ab
208 1494 290 1536 alio
317 1495 608 1550 amplectitur,
637 1498 666 1534 ὣ
693 1494 808 1536 hunc
830 1494 1018 1536 oblectat
1051 1509 1252 1553 consona,
1277 1495 1345 1536 ille
1374 1496 1513 1549 magis
1534 1494 1690 1551 probat

124 1566 322 1619 diversa3
358 1567 438 1607 iste
471 1567 842 1607 continuationem
871 1573 899 1609 ἃ
927 1566 1151 1608 mollitiem
1185 1566 1424 1608 secundum
1459 1582 1544 1608 suae
1571 1582 1690 1608 men-

125 1639 181 1678 tis
213 1637 441 1679 lasciviam
475 1638 658 1693 quaerit3
691 1637 776 1691 ille,
812 1644 960 1694 utpote
993 1639 1156 1692 gravis,
1191 1637 1346 1680 sobriis
1380 1638 1582 1680 cantibus
1616 1638 1688 1680 de-

122 1708 352 1751 mulcetur.
386 1708 514 1750 Alius
547 1724 650 1750 vero
683 1716 730 1750 ut
768 1724 916 1750 amens
962 1710 1006 1750 in
1049 1710 1298 1766 compositis
1332 1716 1361 1753 ὣ
1392 1711 1436 1751 in
1479 1709 1687 1751 anfractis

122 1779 432 1822 vexationibus
475 1781 682 1836 pascitur,
717 1790 746 1826 ὣ
778 1781 1074 1836 unusquisque
1122 1796 1219 1822 eum
1268 1787 1447 1822 cantum
1494 1782 1686 1823 sonorius

122 1850 258 1893 multo
290 1852 559 1907 pronuntiat,
593 1867 719 1908 quem
754 1852 992 1894 secundum
1025 1868 1112 1894 suae
1145 1853 1300 1894 mentis
1341 1853 1518 1894 insitam
1551 1855 1689 1909 quali-

122 1929 256 1964 tatem
289 1923 460 1979 probat.
494 1923 599 1976 Quae
633 1925 776 1966 omnia
809 1926 844 1966 si
878 1925 1006 1966 dictis
1039 1927 1311 1980 argumentis
1357 1926 1530 1967 assiduo
1563 1941 1688 1968 exer-

122 1995 224 2035 citio
252 1994 489 2048 inhaeseris,
518 1996 721 2049 ignorare
746 2011 831 2037 non
859 1998 1035 2052 poteris.
1064 1997 1202 2038 Immo
1221 2005 1250 2042 ὦ
1269 1999 1540 2052 argumentis
1563 2004 1686 2039 uten-

122 2065 224 2107 dum
240 2072 318 2120 est,
336 2066 472 2108 donec
490 2082 543 2107 ex
561 2074 685 2123 parte
704 2069 1015 2122 cognoscimus,
1028 2068 1144 2110 utad
1157 2069 1477 2124 plenitudinem
1495 2071 1686 2111 scientiae

120 2138 443 2193 perveniamus.
471 2137 557 2180 Sed
581 2139 681 2194 quia
708 2139 798 2181 haec
826 2141 869 2180 in
898 2139 1074 2195 longum
1099 2141 1301 2196 prosequi
1333 2142 1556 2197 proposita
1589 2140 1688 2183 bre-

121 2209 234 2249 vitas
260 2223 347 2250 non
373 2210 583 2265 exposcit,
606 2211 849 2266 praesertim
876 2226 973 2252 cum
997 2226 1050 2252 ex
1080 2210 1147 2252 his
1170 2211 1380 2267 perplura
1405 2213 1582 2253 valeant
1605 2212 1686 2254 col-

120 2279 210 2335 ligi,
244 2280 297 2321 de
329 2281 524 2322 canendo
558 2282 643 2323 ista
675 2282 906 2324 sufficiant.
935 2283 1028 2323 Iam
1052 2297 1166 2324 nunc
1190 2282 1433 2338 diaphoniae
1467 2289 1685 2339 praecepta

118 2366 390 2408 exequamur
421 2352 630 2395 breviter.

702 2508 903 2553 CAPUT
944 2509 1104 2551 XVIII

386 2629 444 2657 DE
475 2630 734 2670 DIAPHONIA,
768 2631 814 2658 ID
846 2631 940 2672 EST,
974 2631 1143 2660 ORGANI
1177 2632 1415 2660 PRAECEPTO

180 2733 430 2790 Diaphonia
462 2750 616 2777 vocum
649 2736 884 2778 disiunctio
917 2743 1055 2791 sonat,
1090 2752 1221 2793 quam
1255 2752 1331 2778 nos
1364 2751 1575 2792 organum
1611 2751 1685 2778 vo-

119 2819 281 2858 camus,
316 2821 413 2847 cum
447 2805 673 2848 disiunctae
707 2806 762 2848 ab
796 2809 983 2850 invicem
1017 2824 1144 2850 voces
1177 2812 1206 2848 ὣ
1238 2808 1511 2850 concorditer
1549 2807 1685 2848 disso-

119 2881 238 2930 nant,
273 2882 302 2919 δε
333 2876 604 2919 dissonantes
637 2879 918 2922 concordant.
952 2880 1050 2933 Qua
1090 2879 1266 2935 quidem
1300 2880 1359 2920 ita
1393 2885 1596 2932 utuntur,
1637 2884 1685 2919 ut
