<?xml version="1.0" encoding="UTF-8"?>
<!DOCTYPE html PUBLIC "-//W3C//DTD XHTML 1.0 Transitional//EN"
    "http://www.w3.org/TR/xhtml1/DTD/xhtml1-transitional.dtd">
<html xmlns="http://www.w3.org/1999/xhtml" xml:lang="en" lang="en">
 <head>
  <title>
</title>
<meta http-equiv="Content-Type" content="text/html;charset=utf-8" />
  <meta name='ocr-system' content='tesseract 3.04.00' />
  <meta name='ocr-capabilities' content='ocr_page ocr_carea ocr_par ocr_line ocrx_word'/>
</head>
<body>
  <div class='ocr_page' id='page_1' title='image "./guidoaretinomona00bran_0482.png"; bbox 0 0 2012 3182; ppageno 0'>
   <div class='ocr_carea' id='block_1_1' title="bbox 268 130 1194 166">
    <p class='ocr_par' dir='ltr' id='par_1_1' title="bbox 268 130 1194 166">
     <span class='ocr_line' id='line_1_1' title="bbox 268 130 1194 166; baseline 0 -1"><span class='ocrx_word' id='word_1_1' title='bbox 268 132 336 166; x_wconf 77' lang='lat'>468</span> <span class='ocrx_word' id='word_1_2' title='bbox 842 132 869 164; x_wconf 65' lang='grc' dir='ltr'>(ι’</span> <span class='ocrx_word' id='word_1_3' title='bbox 880 131 972 165; x_wconf 90' lang='lat' dir='ltr'>UDO</span> <span class='ocrx_word' id='word_1_4' title='bbox 1001 130 1194 166; x_wconf 74' lang='lat' dir='ltr'>ARETNO</span> 
     </span>
    </p>
   </div>
   <div class='ocr_carea' id='block_1_2' title="bbox 266 214 1851 288">
    <p class='ocr_par' dir='ltr' id='par_1_2' title="bbox 266 214 1851 288">
     <span class='ocr_line' id='line_1_2' title="bbox 266 214 1851 288; baseline 0 0"><span class='ocrx_word' id='word_1_5' title='bbox 266 214 619 288; x_wconf 43' lang='grc' dir='ltr'>ΞΞ--ΡΞΞ</span> <span class='ocrx_word' id='word_1_6' title='bbox 695 235 952 272; x_wconf 53' lang='grc' dir='ltr'>-οῐ</span> <span class='ocrx_word' id='word_1_7' title='bbox 977 241 1188 286; x_wconf 40' lang='grc' dir='ltr'>ψ’-Ξ</span> <span class='ocrx_word' id='word_1_8' title='bbox 1211 228 1851 288; x_wconf 39' lang='lat' dir='ltr'>{ssffi—*essiz-</span> 
     </span>
    </p>
   </div>
   <div class='ocr_carea' id='block_1_3' title="bbox 387 260 502 264">
    <p class='ocr_par' dir='ltr' id='par_1_3' title="bbox 387 260 502 264">
     <span class='ocr_line' id='line_1_3' title="bbox 387 260 502 264; baseline 0 0"><span class='ocrx_word' id='word_1_9' title='bbox 387 260 502 264; x_wconf 95' lang='lat' dir='ltr'> </span> 
     </span>
    </p>
   </div>
   <div class='ocr_carea' id='block_1_4' title="bbox 1016 283 1117 286">
    <p class='ocr_par' dir='ltr' id='par_1_4' title="bbox 1016 283 1117 286">
     <span class='ocr_line' id='line_1_4' title="bbox 1016 283 1117 286; baseline 0 0"><span class='ocrx_word' id='word_1_10' title='bbox 1016 283 1117 286; x_wconf 95' lang='lat' dir='ltr'> </span> 
     </span>
    </p>
   </div>
   <div class='ocr_carea' id='block_1_5' title="bbox 771 305 1000 311">
    <p class='ocr_par' dir='ltr' id='par_1_5' title="bbox 771 305 1000 311">
     <span class='ocr_line' id='line_1_5' title="bbox 771 305 1000 311; baseline 0 0"><span class='ocrx_word' id='word_1_11' title='bbox 771 305 1000 311; x_wconf 95' lang='lat' dir='ltr'> </span> 
     </span>
    </p>
   </div>
   <div class='ocr_carea' id='block_1_6' title="bbox 1001 307 1140 310">
    <p class='ocr_par' dir='ltr' id='par_1_6' title="bbox 1001 307 1140 310">
     <span class='ocr_line' id='line_1_6' title="bbox 1001 307 1140 310; baseline 0 0"><span class='ocrx_word' id='word_1_12' title='bbox 1001 307 1140 310; x_wconf 95' lang='lat' dir='ltr'> </span> 
     </span>
    </p>
   </div>
   <div class='ocr_carea' id='block_1_7' title="bbox 1720 306 1825 311">
    <p class='ocr_par' dir='ltr' id='par_1_7' title="bbox 1720 306 1825 311">
     <span class='ocr_line' id='line_1_7' title="bbox 1720 306 1825 311; baseline 0 0"><span class='ocrx_word' id='word_1_13' title='bbox 1720 306 1825 311; x_wconf 95' lang='lat' dir='ltr'> </span> 
     </span>
    </p>
   </div>
   <div class='ocr_carea' id='block_1_8' title="bbox 293 307 431 312">
    <p class='ocr_par' dir='ltr' id='par_1_8' title="bbox 293 307 431 312">
     <span class='ocr_line' id='line_1_8' title="bbox 293 307 431 312; baseline 0 0"><span class='ocrx_word' id='word_1_14' title='bbox 293 307 431 312; x_wconf 95' lang='lat' dir='ltr'> </span> 
     </span>
    </p>
   </div>
   <div class='ocr_carea' id='block_1_9' title="bbox 1315 308 1448 312">
    <p class='ocr_par' dir='ltr' id='par_1_9' title="bbox 1315 308 1448 312">
     <span class='ocr_line' id='line_1_9' title="bbox 1315 308 1448 312; baseline 0 0"><span class='ocrx_word' id='word_1_15' title='bbox 1315 308 1448 312; x_wconf 95' lang='lat' dir='ltr'> </span> 
     </span>
    </p>
   </div>
   <div class='ocr_carea' id='block_1_10' title="bbox 403 341 1651 392">
    <p class='ocr_par' dir='ltr' id='par_1_10' title="bbox 403 341 1651 392">
     <span class='ocr_line' id='line_1_10' title="bbox 403 341 1651 392; baseline 0 -12"><span class='ocrx_word' id='word_1_16' title='bbox 403 344 441 380; x_wconf 93' lang='lat' dir='ltr'>in</span> <span class='ocrx_word' id='word_1_17' title='bbox 615 341 803 391; x_wconf 86' lang='lat' dir='ltr'>principio</span> <span class='ocrx_word' id='word_1_18' title='bbox 942 343 980 379; x_wconf 89' lang='lat' dir='ltr'>et</span> <span class='ocrx_word' id='word_1_19' title='bbox 1062 354 1164 380; x_wconf 84' lang='lat' dir='ltr'>nunc</span> <span class='ocrx_word' id='word_1_20' title='bbox 1301 345 1338 380; x_wconf 87' lang='lat' dir='ltr'>et</span> <span class='ocrx_word' id='word_1_21' title='bbox 1501 354 1651 392; x_wconf 88' lang='lat' dir='ltr'>semper</span> 
     </span>
    </p>
   </div>
   <div class='ocr_carea' id='block_1_11' title="bbox 266 426 1852 528">
    <p class='ocr_par' dir='ltr' id='par_1_11' title="bbox 266 422 1852 528">
     <span class='ocr_line' id='line_1_11' title="bbox 266 426 1852 528; baseline 0.011 -21"><span class='ocrx_word' id='word_1_22' title='bbox 266 435 1095 512; x_wconf 34' lang='lat' dir='ltr'>{2’2-*n2fflss—</span> <span class='ocrx_word' id='word_1_23' title='bbox 1191 426 1852 528; x_wconf 30' lang='lat' dir='ltr'>&#39;&#39;Q-Hm}</span> 
     </span>
    </p>
   </div>
   <div class='ocr_carea' id='block_1_12' title="bbox 266 443 1096 447">
    <p class='ocr_par' dir='ltr' id='par_1_12' title="bbox 266 443 1096 447">
     <span class='ocr_line' id='line_1_12' title="bbox 266 443 1096 447; baseline 0 0"><span class='ocrx_word' id='word_1_24' title='bbox 266 443 1096 447; x_wconf 95' lang='lat' dir='ltr'> </span> 
     </span>
    </p>
   </div>
   <div class='ocr_carea' id='block_1_13' title="bbox 715 443 1237 448">
    <p class='ocr_par' dir='ltr' id='par_1_13' title="bbox 715 443 1237 448">
     <span class='ocr_line' id='line_1_13' title="bbox 715 443 1237 448; baseline 0 0"><span class='ocrx_word' id='word_1_25' title='bbox 715 443 1237 448; x_wconf 95' lang='lat' dir='ltr'> </span> 
     </span>
    </p>
   </div>
   <div class='ocr_carea' id='block_1_14' title="bbox 1593 444 1779 449">
    <p class='ocr_par' dir='ltr' id='par_1_14' title="bbox 1593 444 1779 449">
     <span class='ocr_line' id='line_1_14' title="bbox 1593 444 1779 449; baseline 0 0"><span class='ocrx_word' id='word_1_26' title='bbox 1593 444 1779 449; x_wconf 95' lang='lat' dir='ltr'> </span> 
     </span>
    </p>
   </div>
   <div class='ocr_carea' id='block_1_15' title="bbox 1025 468 1592 470">
    <p class='ocr_par' dir='ltr' id='par_1_15' title="bbox 1025 468 1592 470">
     <span class='ocr_line' id='line_1_15' title="bbox 1025 468 1592 470; baseline 0 0"><span class='ocrx_word' id='word_1_27' title='bbox 1025 468 1592 470; x_wconf 95' lang='lat' dir='ltr'> </span> 
     </span>
    </p>
   </div>
   <div class='ocr_carea' id='block_1_16' title="bbox 318 492 410 496">
    <p class='ocr_par' dir='ltr' id='par_1_16' title="bbox 318 492 410 496">
     <span class='ocr_line' id='line_1_16' title="bbox 318 492 410 496; baseline 0 0"><span class='ocrx_word' id='word_1_28' title='bbox 318 492 410 496; x_wconf 95' lang='lat' dir='ltr'> </span> 
     </span>
    </p>
   </div>
   <div class='ocr_carea' id='block_1_17' title="bbox 455 491 597 496">
    <p class='ocr_par' dir='ltr' id='par_1_17' title="bbox 455 491 597 496">
     <span class='ocr_line' id='line_1_17' title="bbox 455 491 597 496; baseline 0 0"><span class='ocrx_word' id='word_1_29' title='bbox 455 491 597 496; x_wconf 95' lang='lat' dir='ltr'> </span> 
     </span>
    </p>
   </div>
   <div class='ocr_carea' id='block_1_18' title="bbox 862 491 999 496">
    <p class='ocr_par' dir='ltr' id='par_1_18' title="bbox 862 491 999 496">
     <span class='ocr_line' id='line_1_18' title="bbox 862 491 999 496; baseline 0 0"><span class='ocrx_word' id='word_1_30' title='bbox 862 491 999 496; x_wconf 95' lang='lat' dir='ltr'> </span> 
     </span>
    </p>
   </div>
   <div class='ocr_carea' id='block_1_19' title="bbox 1005 492 1141 495">
    <p class='ocr_par' dir='ltr' id='par_1_19' title="bbox 1005 492 1141 495">
     <span class='ocr_line' id='line_1_19' title="bbox 1005 492 1141 495; baseline 0 0"><span class='ocrx_word' id='word_1_31' title='bbox 1005 492 1141 495; x_wconf 95' lang='lat' dir='ltr'> </span> 
     </span>
    </p>
   </div>
   <div class='ocr_carea' id='block_1_20' title="bbox 1145 491 1353 496">
    <p class='ocr_par' dir='ltr' id='par_1_20' title="bbox 1145 491 1353 496">
     <span class='ocr_line' id='line_1_20' title="bbox 1145 491 1353 496; baseline 0 0"><span class='ocrx_word' id='word_1_32' title='bbox 1145 491 1353 496; x_wconf 95' lang='lat' dir='ltr'> </span> 
     </span>
    </p>
   </div>
   <div class='ocr_carea' id='block_1_21' title="bbox 1382 492 1544 496">
    <p class='ocr_par' dir='ltr' id='par_1_21' title="bbox 1382 492 1544 496">
     <span class='ocr_line' id='line_1_21' title="bbox 1382 492 1544 496; baseline 0 0"><span class='ocrx_word' id='word_1_33' title='bbox 1382 492 1544 496; x_wconf 95' lang='lat' dir='ltr'> </span> 
     </span>
    </p>
   </div>
   <div class='ocr_carea' id='block_1_22' title="bbox 1690 515 1806 519">
    <p class='ocr_par' dir='ltr' id='par_1_22' title="bbox 1690 515 1806 519">
     <span class='ocr_line' id='line_1_22' title="bbox 1690 515 1806 519; baseline 0 0"><span class='ocrx_word' id='word_1_34' title='bbox 1690 515 1806 519; x_wconf 95' lang='lat' dir='ltr'> </span> 
     </span>
    </p>
   </div>
   <div class='ocr_carea' id='block_1_23' title="bbox 267 516 408 520">
    <p class='ocr_par' dir='ltr' id='par_1_23' title="bbox 267 516 408 520">
     <span class='ocr_line' id='line_1_23' title="bbox 267 516 408 520; baseline 0 0"><span class='ocrx_word' id='word_1_35' title='bbox 267 516 408 520; x_wconf 95' lang='lat' dir='ltr'> </span> 
     </span>
    </p>
   </div>
   <div class='ocr_carea' id='block_1_24' title="bbox 1409 516 1546 520">
    <p class='ocr_par' dir='ltr' id='par_1_24' title="bbox 1409 516 1546 520">
     <span class='ocr_line' id='line_1_24' title="bbox 1409 516 1546 520; baseline 0 0"><span class='ocrx_word' id='word_1_36' title='bbox 1409 516 1546 520; x_wconf 95' lang='lat' dir='ltr'> </span> 
     </span>
    </p>
   </div>
   <div class='ocr_carea' id='block_1_25' title="bbox 1557 516 1684 521">
    <p class='ocr_par' dir='ltr' id='par_1_25' title="bbox 1557 516 1684 521">
     <span class='ocr_line' id='line_1_25' title="bbox 1557 516 1684 521; baseline 0 0"><span class='ocrx_word' id='word_1_37' title='bbox 1557 516 1684 521; x_wconf 95' lang='lat' dir='ltr'> </span> 
     </span>
    </p>
   </div>
   <div class='ocr_carea' id='block_1_26' title="bbox 351 551 1823 589">
    <p class='ocr_par' dir='ltr' id='par_1_26' title="bbox 351 551 1823 589">
     <span class='ocr_line' id='line_1_26' title="bbox 351 551 1823 589; baseline -0.001 0"><span class='ocrx_word' id='word_1_38' title='bbox 351 554 389 589; x_wconf 88' lang='lat' dir='ltr'>et</span> <span class='ocrx_word' id='word_1_39' title='bbox 498 551 536 587; x_wconf 88' lang='lat' dir='ltr'>in</span> <span class='ocrx_word' id='word_1_40' title='bbox 783 551 911 588; x_wconf 81' lang='lat' dir='ltr'>secula</span> <span class='ocrx_word' id='word_1_41' title='bbox 1264 551 1482 589; x_wconf 82' lang='lat' dir='ltr'>seculorum</span> <span class='ocrx_word' id='word_1_42' title='bbox 1700 562 1823 588; x_wconf 90' lang='lat' dir='ltr'>amen.</span> 
     </span>
    </p>
   </div>
   <div class='ocr_carea' id='block_1_27' title="bbox 798 650 1324 670">
    <p class='ocr_par' dir='ltr' id='par_1_27' title="bbox 798 650 1324 670">
     <span class='ocr_line' id='line_1_27' title="bbox 798 650 1324 670; baseline 0.004 -2"><span class='ocrx_word' id='word_1_43' title='bbox 798 650 884 668; x_wconf 82' lang='lat' dir='ltr'>PINIT</span> <span class='ocrx_word' id='word_1_44' title='bbox 907 650 1094 670; x_wconf 68' lang='lat' dir='ltr'>,mTffl-:NTUS</span> <span class='ocrx_word' id='word_1_45' title='bbox 1116 651 1238 670; x_wconf 70' lang='lat' dir='ltr'>TRETRA</span> <span class='ocrx_word' id='word_1_46' title='bbox 1244 650 1324 670; x_wconf 79' lang='lat' dir='ltr'>RDUS</span> 
     </span>
    </p>
   </div>
   <div class='ocr_carea' id='block_1_28' title="bbox 991 770 1125 822">
    <p class='ocr_par' dir='ltr' id='par_1_28' title="bbox 991 770 1125 822">
     <span class='ocr_line' id='line_1_28' title="bbox 991 770 1125 822; baseline 0 -13"><span class='ocrx_word' id='word_1_47' title='bbox 991 772 1044 809; x_wconf 72' lang='lat' dir='ltr'>ix</span> <span class='ocrx_word' id='word_1_48' title='bbox 1065 770 1125 822; x_wconf 89' lang='lat'>(1)</span> 
     </span>
    </p>
   </div>
   <div class='ocr_carea' id='block_1_29' title="bbox 848 873 1273 899">
    <p class='ocr_par' dir='ltr' id='par_1_29' title="bbox 848 873 1273 899">
     <span class='ocr_line' id='line_1_29' title="bbox 848 873 1273 899; baseline 0.002 -2"><span class='ocrx_word' id='word_1_49' title='bbox 848 874 982 899; x_wconf 74' lang='lat' dir='ltr'>PLAGlS</span> <span class='ocrx_word' id='word_1_50' title='bbox 1013 874 1100 899; x_wconf 74' lang='lat' dir='ltr'>EJUS</span> <span class='ocrx_word' id='word_1_51' title='bbox 1132 873 1273 898; x_wconf 78' lang='lat' dir='ltr'>INCIPIT</span> 
     </span>
    </p>
   </div>
   <div class='ocr_carea' id='block_1_30' title="bbox 262 968 1854 2738">
    <p class='ocr_par' dir='ltr' id='par_1_30' title="bbox 262 968 1851 1351">
     <span class='ocr_line' id='line_1_30' title="bbox 322 968 1849 1019; baseline 0.001 -15"><span class='ocrx_word' id='word_1_52' title='bbox 322 968 531 1018; x_wconf 89' lang='lat' dir='ltr'>Descriptis</span> <span class='ocrx_word' id='word_1_53' title='bbox 561 970 680 1007; x_wconf 88' lang='lat' dir='ltr'>etiam</span> <span class='ocrx_word' id='word_1_54' title='bbox 710 971 830 1019; x_wconf 87' lang='lat' dir='ltr'>tropis</span> <span class='ocrx_word' id='word_1_55' title='bbox 860 973 941 1008; x_wconf 85' lang='lat' dir='ltr'>tam</span> <span class='ocrx_word' id='word_1_56' title='bbox 971 970 1206 1008; x_wconf 76' lang='lat' dir='ltr'>authenticis</span> <span class='ocrx_word' id='word_1_57' title='bbox 1235 982 1354 1018; x_wconf 85' lang='lat' dir='ltr'>quam</span> <span class='ocrx_word' id='word_1_58' title='bbox 1386 969 1602 1019; x_wconf 71' lang='lat' dir='ltr'>plagalibus</span> <span class='ocrx_word' id='word_1_59' title='bbox 1632 969 1763 1007; x_wconf 89' lang='lat' dir='ltr'>ultimi</span> <span class='ocrx_word' id='word_1_60' title='bbox 1794 982 1849 1006; x_wconf 91' lang='lat' dir='ltr'>re-</span> 
     </span>
     <span class='ocr_line' id='line_1_31' title="bbox 266 1034 1848 1085; baseline 0 -13"><span class='ocrx_word' id='word_1_61' title='bbox 266 1037 345 1072; x_wconf 79' lang='lat' dir='ltr'>stat</span> <span class='ocrx_word' id='word_1_62' title='bbox 374 1035 540 1084; x_wconf 86' lang='lat' dir='ltr'>plagalis</span> <span class='ocrx_word' id='word_1_63' title='bbox 569 1047 658 1085; x_wconf 87' lang='lat' dir='ltr'>pars</span> <span class='ocrx_word' id='word_1_64' title='bbox 687 1049 804 1084; x_wconf 88' lang='lat' dir='ltr'>quam</span> <span class='ocrx_word' id='word_1_65' title='bbox 835 1050 902 1085; x_wconf 92' lang='lat' dir='ltr'>pre</span> <span class='ocrx_word' id='word_1_66' title='bbox 933 1036 1116 1074; x_wconf 87' lang='lat' dir='ltr'>omnibus</span> <span class='ocrx_word' id='word_1_67' title='bbox 1145 1036 1232 1073; x_wconf 85' lang='lat' dir='ltr'>aliis</span> <span class='ocrx_word' id='word_1_68' title='bbox 1262 1035 1439 1084; x_wconf 82' lang='lat' dir='ltr'>partibus</span> <span class='ocrx_word' id='word_1_69' title='bbox 1468 1037 1647 1084; x_wconf 85' lang='lat' dir='ltr'>optamus</span> <span class='ocrx_word' id='word_1_70' title='bbox 1686 1037 1723 1073; x_wconf 87' lang='lat' dir='ltr'>et</span> <span class='ocrx_word' id='word_1_71' title='bbox 1761 1034 1848 1072; x_wconf 88' lang='lat' dir='ltr'>dili-</span> 
     </span>
     <span class='ocr_line' id='line_1_32' title="bbox 265 1100 1851 1151; baseline 0.001 -14"><span class='ocrx_word' id='word_1_72' title='bbox 265 1100 407 1150; x_wconf 87' lang='lat' dir='ltr'>gimus.</span> <span class='ocrx_word' id='word_1_73' title='bbox 436 1100 595 1138; x_wconf 87' lang='lat' dir='ltr'>Dulcior</span> <span class='ocrx_word' id='word_1_74' title='bbox 625 1102 769 1139; x_wconf 89' lang='lat' dir='ltr'>etenim</span> <span class='ocrx_word' id='word_1_75' title='bbox 799 1102 948 1140; x_wconf 79' lang='lat' dir='ltr'>cunctis</span> <span class='ocrx_word' id='word_1_76' title='bbox 978 1103 1105 1140; x_wconf 86' lang='lat' dir='ltr'>fertur</span> <span class='ocrx_word' id='word_1_77' title='bbox 1136 1101 1260 1139; x_wconf 89' lang='lat' dir='ltr'>modis</span> <span class='ocrx_word' id='word_1_78' title='bbox 1282 1103 1332 1146; x_wconf 87' lang='lat' dir='ltr'>et,</span> <span class='ocrx_word' id='word_1_79' title='bbox 1357 1102 1400 1139; x_wconf 90' lang='lat' dir='ltr'>ut</span> <span class='ocrx_word' id='word_1_80' title='bbox 1430 1101 1596 1151; x_wconf 86' lang='lat' dir='ltr'>figurate</span> <span class='ocrx_word' id='word_1_81' title='bbox 1625 1101 1851 1150; x_wconf 76' lang='lat' dir='ltr'>loquamur,</span> 
     </span>
     <span class='ocr_line' id='line_1_33' title="bbox 267 1167 1850 1217; baseline 0.001 -13"><span class='ocrx_word' id='word_1_82' title='bbox 267 1179 352 1204; x_wconf 86' lang='lat' dir='ltr'>cum</span> <span class='ocrx_word' id='word_1_83' title='bbox 384 1180 406 1204; x_wconf 86' lang='lat' dir='ltr'>a</span> <span class='ocrx_word' id='word_1_84' title='bbox 433 1167 559 1216; x_wconf 87' lang='lat' dir='ltr'>primo</span> <span class='ocrx_word' id='word_1_85' title='bbox 590 1180 714 1216; x_wconf 85' lang='lat' dir='ltr'>usque</span> <span class='ocrx_word' id='word_1_86' title='bbox 744 1168 791 1206; x_wconf 81' lang='lat' dir='ltr'>ad</span> <span class='ocrx_word' id='word_1_87' title='bbox 820 1170 971 1206; x_wconf 81' lang='lat' dir='ltr'>sextum</span> <span class='ocrx_word' id='word_1_88' title='bbox 1000 1168 1151 1206; x_wconf 83' lang='lat' dir='ltr'>labores</span> <span class='ocrx_word' id='word_1_89' title='bbox 1180 1168 1301 1216; x_wconf 84' lang='lat' dir='ltr'>hujus</span> <span class='ocrx_word' id='word_1_90' title='bbox 1339 1167 1419 1205; x_wconf 87' lang='lat' dir='ltr'>vite</span> <span class='ocrx_word' id='word_1_91' title='bbox 1459 1167 1730 1217; x_wconf 85' lang='lat' dir='ltr'>significentur</span> <span class='ocrx_word' id='word_1_92' title='bbox 1762 1179 1850 1205; x_wconf 82' lang='lat' dir='ltr'>curn</span> 
     </span>
     <span class='ocr_line' id='line_1_34' title="bbox 262 1231 1849 1283; baseline 0.001 -14"><span class='ocrx_word' id='word_1_93' title='bbox 262 1232 345 1280; x_wconf 86' lang='lat' dir='ltr'>jam</span> <span class='ocrx_word' id='word_1_94' title='bbox 374 1231 423 1269; x_wconf 89' lang='lat' dir='ltr'>ad</span> <span class='ocrx_word' id='word_1_95' title='bbox 451 1232 660 1282; x_wconf 86' lang='lat' dir='ltr'>septimum</span> <span class='ocrx_word' id='word_1_96' title='bbox 691 1233 860 1280; x_wconf 87' lang='lat' dir='ltr'>venitur,</span> <span class='ocrx_word' id='word_1_97' title='bbox 882 1234 922 1271; x_wconf 88' lang='lat' dir='ltr'>in</span> <span class='ocrx_word' id='word_1_98' title='bbox 943 1233 1154 1283; x_wconf 81' lang='lat' dir='ltr'>quamdam</span> <span class='ocrx_word' id='word_1_99' title='bbox 1174 1233 1367 1271; x_wconf 73' lang='lat' dir='ltr'>transitur</span> <span class='ocrx_word' id='word_1_100' title='bbox 1386 1233 1599 1271; x_wconf 73' lang='lat' dir='ltr'>theoricam</span> <span class='ocrx_word' id='word_1_101' title='bbox 1619 1235 1658 1271; x_wconf 89' lang='lat' dir='ltr'>et</span> <span class='ocrx_word' id='word_1_102' title='bbox 1679 1234 1849 1271; x_wconf 89' lang='lat' dir='ltr'>contem-</span> 
     </span>
     <span class='ocr_line' id='line_1_35' title="bbox 266 1300 1354 1351; baseline 0 -14"><span class='ocrx_word' id='word_1_103' title='bbox 266 1300 456 1348; x_wconf 89' lang='lat' dir='ltr'>plativam</span> <span class='ocrx_word' id='word_1_104' title='bbox 485 1301 620 1349; x_wconf 83' lang='lat' dir='ltr'>vitam,</span> <span class='ocrx_word' id='word_1_105' title='bbox 649 1301 716 1339; x_wconf 88' lang='lat' dir='ltr'>sed</span> <span class='ocrx_word' id='word_1_106' title='bbox 744 1314 818 1350; x_wconf 85' lang='lat' dir='ltr'>que</span> <span class='ocrx_word' id='word_1_107' title='bbox 849 1302 975 1339; x_wconf 82' lang='lat' dir='ltr'>adhuc</span> <span class='ocrx_word' id='word_1_108' title='bbox 1006 1314 1118 1339; x_wconf 89' lang='lat' dir='ltr'>carne</span> <span class='ocrx_word' id='word_1_109' title='bbox 1149 1303 1354 1351; x_wconf 86' lang='lat' dir='ltr'>gravatur.</span> 
     </span>
    </p>

    <p class='ocr_par' dir='ltr' id='par_1_31' title="bbox 265 1366 1851 1548">
     <span class='ocr_line' id='line_1_36' title="bbox 319 1366 1851 1417; baseline 0.001 -14"><span class='ocrx_word' id='word_1_110' title='bbox 319 1366 465 1404; x_wconf 83' lang='lat' dir='ltr'>Octava</span> <span class='ocrx_word' id='word_1_111' title='bbox 485 1368 617 1404; x_wconf 88' lang='lat' dir='ltr'>autem</span> <span class='ocrx_word' id='word_1_112' title='bbox 639 1379 728 1416; x_wconf 75' lang='lat' dir='ltr'>pars</span> <span class='ocrx_word' id='word_1_113' title='bbox 749 1368 786 1405; x_wconf 91' lang='lat' dir='ltr'>in</span> <span class='ocrx_word' id='word_1_114' title='bbox 815 1368 996 1406; x_wconf 87' lang='lat' dir='ltr'>omnibus</span> <span class='ocrx_word' id='word_1_115' title='bbox 1015 1369 1184 1417; x_wconf 82' lang='lat' dir='ltr'>perfecta</span> <span class='ocrx_word' id='word_1_116' title='bbox 1205 1369 1264 1405; x_wconf 88' lang='lat' dir='ltr'>est</span> <span class='ocrx_word' id='word_1_117' title='bbox 1292 1369 1332 1404; x_wconf 90' lang='lat' dir='ltr'>et</span> <span class='ocrx_word' id='word_1_118' title='bbox 1360 1367 1600 1404; x_wconf 80' lang='lat' dir='ltr'>transcendit</span> <span class='ocrx_word' id='word_1_119' title='bbox 1630 1367 1779 1405; x_wconf 75' lang='lat' dir='ltr'>labores</span> <span class='ocrx_word' id='word_1_120' title='bbox 1812 1369 1851 1405; x_wconf 83' lang='lat' dir='ltr'>et</span> 
     </span>
     <span class='ocr_line' id='line_1_37' title="bbox 265 1433 1848 1482; baseline 0.001 -14"><span class='ocrx_word' id='word_1_121' title='bbox 265 1444 458 1478; x_wconf 77' lang='lat' dir='ltr'>erumnas,</span> <span class='ocrx_word' id='word_1_122' title='bbox 481 1446 547 1470; x_wconf 85' lang='lat' dir='ltr'>nec</span> <span class='ocrx_word' id='word_1_123' title='bbox 563 1434 645 1482; x_wconf 86' lang='lat' dir='ltr'>jam</span> <span class='ocrx_word' id='word_1_124' title='bbox 668 1434 799 1471; x_wconf 84' lang='lat' dir='ltr'>dedita</span> <span class='ocrx_word' id='word_1_125' title='bbox 820 1436 878 1472; x_wconf 85' lang='lat' dir='ltr'>est</span> <span class='ocrx_word' id='word_1_126' title='bbox 899 1434 1091 1480; x_wconf 77' lang='lat' dir='ltr'>lamentis,</span> <span class='ocrx_word' id='word_1_127' title='bbox 1115 1433 1186 1470; x_wconf 75' lang='lat' dir='ltr'>nisi</span> <span class='ocrx_word' id='word_1_128' title='bbox 1207 1434 1269 1471; x_wconf 90' lang='lat' dir='ltr'>hic</span> <span class='ocrx_word' id='word_1_129' title='bbox 1292 1433 1361 1482; x_wconf 91' lang='lat' dir='ltr'>qui</span> <span class='ocrx_word' id='word_1_130' title='bbox 1380 1445 1512 1475; x_wconf 85' lang='lat' dir='ltr'>amore</span> <span class='ocrx_word' id='word_1_131' title='bbox 1540 1445 1708 1482; x_wconf 87' lang='lat' dir='ltr'>superno</span> <span class='ocrx_word' id='word_1_132' title='bbox 1736 1433 1848 1470; x_wconf 88' lang='lat' dir='ltr'>fiunt.</span> 
     </span>
     <span class='ocr_line' id='line_1_38' title="bbox 266 1497 1848 1548; baseline 0.001 -14"><span class='ocrx_word' id='word_1_133' title='bbox 266 1497 375 1535; x_wconf 90' lang='lat' dir='ltr'>Unde</span> <span class='ocrx_word' id='word_1_134' title='bbox 395 1500 432 1535; x_wconf 88' lang='lat' dir='ltr'>et</span> <span class='ocrx_word' id='word_1_135' title='bbox 452 1498 608 1536; x_wconf 83' lang='lat' dir='ltr'>difficile</span> <span class='ocrx_word' id='word_1_136' title='bbox 629 1502 666 1536; x_wconf 88' lang='lat' dir='ltr'>et</span> <span class='ocrx_word' id='word_1_137' title='bbox 688 1499 863 1548; x_wconf 82' lang='lat' dir='ltr'>ineptum</span> <span class='ocrx_word' id='word_1_138' title='bbox 882 1501 940 1537; x_wconf 86' lang='lat' dir='ltr'>est</span> <span class='ocrx_word' id='word_1_139' title='bbox 961 1512 1005 1537; x_wconf 78' lang='lat' dir='ltr'>ex</span> <span class='ocrx_word' id='word_1_140' title='bbox 1027 1499 1160 1537; x_wconf 89' lang='lat' dir='ltr'>eodem</span> <span class='ocrx_word' id='word_1_141' title='bbox 1177 1499 1291 1536; x_wconf 87' lang='lat' dir='ltr'>modo</span> <span class='ocrx_word' id='word_1_142' title='bbox 1314 1498 1395 1536; x_wconf 88' lang='lat' dir='ltr'>fieri</span> <span class='ocrx_word' id='word_1_143' title='bbox 1416 1499 1665 1537; x_wconf 86' lang='lat' dir='ltr'>lamentabile</span> <span class='ocrx_word' id='word_1_144' title='bbox 1682 1511 1848 1537; x_wconf 85' lang='lat' dir='ltr'>carmen.</span> 
     </span>
    </p>

    <p class='ocr_par' dir='ltr' id='par_1_32' title="bbox 263 1563 1851 2143">
     <span class='ocr_line' id='line_1_39' title="bbox 319 1563 1850 1616; baseline 0.002 -14"><span class='ocrx_word' id='word_1_145' title='bbox 319 1563 392 1602; x_wconf 85' lang='lat' dir='ltr'>Sed</span> <span class='ocrx_word' id='word_1_146' title='bbox 419 1565 517 1602; x_wconf 91' lang='lat' dir='ltr'>libet</span> <span class='ocrx_word' id='word_1_147' title='bbox 547 1566 587 1603; x_wconf 89' lang='lat' dir='ltr'>in</span> <span class='ocrx_word' id='word_1_148' title='bbox 618 1565 730 1603; x_wconf 86' lang='lat' dir='ltr'>finem</span> <span class='ocrx_word' id='word_1_149' title='bbox 761 1566 886 1615; x_wconf 70' lang='lat' dir='ltr'>operis</span> <span class='ocrx_word' id='word_1_150' title='bbox 916 1567 1091 1604; x_wconf 76' lang='lat' dir='ltr'>intexere</span> <span class='ocrx_word' id='word_1_151' title='bbox 1120 1566 1260 1615; x_wconf 78' lang='lat' dir='ltr'>quevis</span> <span class='ocrx_word' id='word_1_152' title='bbox 1288 1566 1499 1615; x_wconf 87' lang='lat' dir='ltr'>unicuique</span> <span class='ocrx_word' id='word_1_153' title='bbox 1535 1567 1685 1604; x_wconf 80' lang='lat' dir='ltr'>accidat</span> <span class='ocrx_word' id='word_1_154' title='bbox 1723 1567 1850 1616; x_wconf 80' lang='lat' dir='ltr'>parti3</span> 
     </span>
     <span class='ocr_line' id='line_1_40' title="bbox 266 1630 1851 1681; baseline 0.001 -14"><span class='ocrx_word' id='word_1_155' title='bbox 266 1642 333 1679; x_wconf 85' lang='lat' dir='ltr'>per</span> <span class='ocrx_word' id='word_1_156' title='bbox 361 1631 521 1679; x_wconf 88' lang='lat' dir='ltr'>protum</span> <span class='ocrx_word' id='word_1_157' title='bbox 551 1630 693 1668; x_wconf 79' lang='lat' dir='ltr'>etenim</span> <span class='ocrx_word' id='word_1_158' title='bbox 724 1631 860 1668; x_wconf 83' lang='lat' dir='ltr'>melius</span> <span class='ocrx_word' id='word_1_159' title='bbox 889 1631 1131 1669; x_wconf 81' lang='lat' dir='ltr'>ostendimus</span> <span class='ocrx_word' id='word_1_160' title='bbox 1160 1631 1371 1680; x_wconf 80' lang='lat' dir='ltr'>qualitates</span> <span class='ocrx_word' id='word_1_161' title='bbox 1401 1632 1462 1669; x_wconf 89' lang='lat' dir='ltr'>vel</span> <span class='ocrx_word' id='word_1_162' title='bbox 1483 1631 1663 1670; x_wconf 74' lang='lat' dir='ltr'>historias</span> <span class='ocrx_word' id='word_1_163' title='bbox 1684 1632 1851 1681; x_wconf 86' lang='lat' dir='ltr'>alicujus</span> 
     </span>
     <span class='ocr_line' id='line_1_41' title="bbox 266 1695 1850 1746; baseline 0.002 -14"><span class='ocrx_word' id='word_1_164' title='bbox 266 1696 332 1733; x_wconf 85' lang='lat' dir='ltr'>rei.</span> <span class='ocrx_word' id='word_1_165' title='bbox 363 1695 437 1734; x_wconf 91' lang='lat' dir='ltr'>Per</span> <span class='ocrx_word' id='word_1_166' title='bbox 466 1696 599 1746; x_wconf 82' lang='lat' dir='ltr'>plagin</span> <span class='ocrx_word' id='word_1_167' title='bbox 629 1697 733 1745; x_wconf 89' lang='lat' dir='ltr'>proti</span> <span class='ocrx_word' id='word_1_168' title='bbox 762 1710 871 1735; x_wconf 83' lang='lat' dir='ltr'>orare</span> <span class='ocrx_word' id='word_1_169' title='bbox 901 1698 962 1735; x_wconf 84' lang='lat' dir='ltr'>vel</span> <span class='ocrx_word' id='word_1_170' title='bbox 992 1700 1122 1746; x_wconf 86' lang='lat' dir='ltr'>petere</span> <span class='ocrx_word' id='word_1_171' title='bbox 1143 1697 1291 1746; x_wconf 87' lang='lat' dir='ltr'>aliquid</span> <span class='ocrx_word' id='word_1_172' title='bbox 1311 1709 1527 1746; x_wconf 86' lang='lat' dir='ltr'>possumus.</span> <span class='ocrx_word' id='word_1_173' title='bbox 1551 1698 1624 1736; x_wconf 86' lang='lat' dir='ltr'>Per</span> <span class='ocrx_word' id='word_1_174' title='bbox 1645 1697 1850 1736; x_wconf 83' lang='lat' dir='ltr'>deuterum</span> 
     </span>
     <span class='ocr_line' id='line_1_42' title="bbox 264 1761 1850 1813; baseline 0.001 -13"><span class='ocrx_word' id='word_1_175' title='bbox 264 1775 355 1800; x_wconf 89' lang='lat' dir='ltr'>vero</span> <span class='ocrx_word' id='word_1_176' title='bbox 384 1761 597 1811; x_wconf 84' lang='lat' dir='ltr'>dignitates</span> <span class='ocrx_word' id='word_1_177' title='bbox 628 1763 687 1800; x_wconf 89' lang='lat' dir='ltr'>vel</span> <span class='ocrx_word' id='word_1_178' title='bbox 717 1763 928 1812; x_wconf 80' lang='lat' dir='ltr'>qualitates</span> <span class='ocrx_word' id='word_1_179' title='bbox 959 1764 1180 1802; x_wconf 87' lang='lat' dir='ltr'>animorum</span> <span class='ocrx_word' id='word_1_180' title='bbox 1211 1763 1379 1801; x_wconf 82' lang='lat' dir='ltr'>indicere</span> <span class='ocrx_word' id='word_1_181' title='bbox 1417 1775 1630 1812; x_wconf 81' lang='lat' dir='ltr'>possumus.</span> <span class='ocrx_word' id='word_1_182' title='bbox 1663 1764 1737 1802; x_wconf 90' lang='lat' dir='ltr'>Per</span> <span class='ocrx_word' id='word_1_183' title='bbox 1766 1764 1850 1813; x_wconf 88' lang='lat' dir='ltr'>pla-</span> 
     </span>
     <span class='ocr_line' id='line_1_43' title="bbox 263 1827 1848 1879; baseline 0.002 -15"><span class='ocrx_word' id='word_1_184' title='bbox 263 1828 331 1878; x_wconf 86' lang='lat' dir='ltr'>gin</span> <span class='ocrx_word' id='word_1_185' title='bbox 360 1827 532 1876; x_wconf 85' lang='lat' dir='ltr'>ejusdem</span> <span class='ocrx_word' id='word_1_186' title='bbox 562 1827 713 1866; x_wconf 82' lang='lat' dir='ltr'>deuteri</span> <span class='ocrx_word' id='word_1_187' title='bbox 743 1829 946 1878; x_wconf 84' lang='lat' dir='ltr'>magnifice</span> <span class='ocrx_word' id='word_1_188' title='bbox 976 1829 1126 1879; x_wconf 86' lang='lat' dir='ltr'>aliquid</span> <span class='ocrx_word' id='word_1_189' title='bbox 1156 1830 1341 1868; x_wconf 83' lang='lat' dir='ltr'>extollere</span> <span class='ocrx_word' id='word_1_190' title='bbox 1370 1841 1588 1879; x_wconf 77' lang='lat' dir='ltr'>possumus,</span> <span class='ocrx_word' id='word_1_191' title='bbox 1620 1830 1695 1867; x_wconf 86' lang='lat' dir='ltr'>Per</span> <span class='ocrx_word' id='word_1_192' title='bbox 1712 1830 1848 1868; x_wconf 84' lang='lat' dir='ltr'>tritum</span> 
     </span>
     <span class='ocr_line' id='line_1_44' title="bbox 265 1893 1851 1946; baseline 0.003 -16"><span class='ocrx_word' id='word_1_193' title='bbox 265 1894 391 1930; x_wconf 85' lang='lat' dir='ltr'>autem</span> <span class='ocrx_word' id='word_1_194' title='bbox 413 1893 516 1930; x_wconf 89' lang='lat' dir='ltr'>actio</span> <span class='ocrx_word' id='word_1_195' title='bbox 545 1893 660 1931; x_wconf 82' lang='lat' dir='ltr'>unius</span> <span class='ocrx_word' id='word_1_196' title='bbox 691 1895 881 1943; x_wconf 83' lang='lat' dir='ltr'>cujusque</span> <span class='ocrx_word' id='word_1_197' title='bbox 911 1896 1153 1945; x_wconf 83' lang='lat' dir='ltr'>exprimitur.</span> <span class='ocrx_word' id='word_1_198' title='bbox 1174 1895 1249 1933; x_wconf 88' lang='lat' dir='ltr'>Per</span> <span class='ocrx_word' id='word_1_199' title='bbox 1268 1896 1425 1946; x_wconf 81' lang='lat' dir='ltr'>plagam</span> <span class='ocrx_word' id='word_1_200' title='bbox 1457 1908 1545 1933; x_wconf 88' lang='lat' dir='ltr'>vero</span> <span class='ocrx_word' id='word_1_201' title='bbox 1568 1895 1743 1945; x_wconf 88' lang='lat' dir='ltr'>ejusdem</span> <span class='ocrx_word' id='word_1_202' title='bbox 1764 1896 1851 1934; x_wconf 86' lang='lat' dir='ltr'>triti</span> 
     </span>
     <span class='ocr_line' id='line_1_45' title="bbox 265 1958 1850 2009; baseline 0.003 -14"><span class='ocrx_word' id='word_1_203' title='bbox 265 1958 471 2007; x_wconf 78' lang='lat' dir='ltr'>repietatio</span> <span class='ocrx_word' id='word_1_204' title='bbox 500 1972 543 1997; x_wconf 87' lang='lat' dir='ltr'>ac</span> <span class='ocrx_word' id='word_1_205' title='bbox 572 1960 743 1997; x_wconf 77' lang='lat' dir='ltr'>lamenta</span> <span class='ocrx_word' id='word_1_206' title='bbox 774 1963 953 2009; x_wconf 84' lang='lat' dir='ltr'>opportet</span> <span class='ocrx_word' id='word_1_207' title='bbox 994 1961 1089 1999; x_wconf 87' lang='lat' dir='ltr'>fieri.</span> <span class='ocrx_word' id='word_1_208' title='bbox 1121 1961 1193 1999; x_wconf 81' lang='lat' dir='ltr'>Per</span> <span class='ocrx_word' id='word_1_209' title='bbox 1233 1961 1455 1999; x_wconf 85' lang='lat' dir='ltr'>tetrardum</span> <span class='ocrx_word' id='word_1_210' title='bbox 1485 1964 1617 2000; x_wconf 86' lang='lat' dir='ltr'>autem</span> <span class='ocrx_word' id='word_1_211' title='bbox 1646 1962 1850 2000; x_wconf 88' lang='lat' dir='ltr'>beatitudo</span> 
     </span>
     <span class='ocr_line' id='line_1_46' title="bbox 266 2024 1851 2079; baseline 0.003 -18"><span class='ocrx_word' id='word_1_212' title='bbox 266 2024 517 2074; x_wconf 82' lang='lat' dir='ltr'>exprimitur;</span> <span class='ocrx_word' id='word_1_213' title='bbox 547 2026 612 2064; x_wconf 91' lang='lat' dir='ltr'>sed</span> <span class='ocrx_word' id='word_1_214' title='bbox 642 2039 715 2076; x_wconf 89' lang='lat' dir='ltr'>que</span> <span class='ocrx_word' id='word_1_215' title='bbox 745 2027 871 2065; x_wconf 75' lang='lat' dir='ltr'>adhuc</span> <span class='ocrx_word' id='word_1_216' title='bbox 902 2040 1014 2065; x_wconf 84' lang='lat' dir='ltr'>carne</span> <span class='ocrx_word' id='word_1_217' title='bbox 1043 2029 1232 2078; x_wconf 85' lang='lat' dir='ltr'>gravatur</span> <span class='ocrx_word' id='word_1_218' title='bbox 1261 2041 1329 2077; x_wconf 91' lang='lat' dir='ltr'>per</span> <span class='ocrx_word' id='word_1_219' title='bbox 1358 2028 1442 2076; x_wconf 85' lang='lat' dir='ltr'>ejus</span> <span class='ocrx_word' id='word_1_220' title='bbox 1471 2040 1562 2066; x_wconf 86' lang='lat' dir='ltr'>vero</span> <span class='ocrx_word' id='word_1_221' title='bbox 1601 2028 1851 2079; x_wconf 79' lang='lat' dir='ltr'>subjugalem</span> 
     </span>
     <span class='ocr_line' id='line_1_47' title="bbox 265 2091 1097 2143; baseline 0.005 -16"><span class='ocrx_word' id='word_1_222' title='bbox 265 2092 397 2128; x_wconf 74' lang='lat' dir='ltr'>eterna</span> <span class='ocrx_word' id='word_1_223' title='bbox 424 2091 533 2139; x_wconf 85' lang='lat' dir='ltr'>quies</span> <span class='ocrx_word' id='word_1_224' title='bbox 564 2094 603 2130; x_wconf 93' lang='lat' dir='ltr'>et</span> <span class='ocrx_word' id='word_1_225' title='bbox 632 2092 820 2131; x_wconf 89' lang='lat' dir='ltr'>habitudo</span> <span class='ocrx_word' id='word_1_226' title='bbox 851 2093 1097 2143; x_wconf 82' lang='lat' dir='ltr'>exprimitur.</span> 
     </span>
    </p>

    <p class='ocr_par' dir='ltr' id='par_1_33' title="bbox 263 2156 1854 2738">
     <span class='ocr_line' id='line_1_48' title="bbox 319 2156 1854 2210; baseline 0.003 -16"><span class='ocrx_word' id='word_1_227' title='bbox 319 2156 419 2202; x_wconf 83' lang='lat' dir='ltr'>Quia</span> <span class='ocrx_word' id='word_1_228' title='bbox 449 2170 540 2207; x_wconf 88' lang='lat' dir='ltr'>ergo</span> <span class='ocrx_word' id='word_1_229' title='bbox 571 2157 741 2197; x_wconf 83' lang='lat' dir='ltr'>diximus</span> <span class='ocrx_word' id='word_1_230' title='bbox 773 2160 875 2208; x_wconf 78' lang='lat' dir='ltr'>quod</span> <span class='ocrx_word' id='word_1_231' title='bbox 911 2160 1128 2209; x_wconf 87' lang='lat' dir='ltr'>unicuique</span> <span class='ocrx_word' id='word_1_232' title='bbox 1157 2159 1272 2198; x_wconf 88' lang='lat' dir='ltr'>modo</span> <span class='ocrx_word' id='word_1_233' title='bbox 1303 2160 1510 2198; x_wconf 87' lang='lat' dir='ltr'>conveniat</span> <span class='ocrx_word' id='word_1_234' title='bbox 1539 2173 1615 2210; x_wconf 89' lang='lat' dir='ltr'>quo</span> <span class='ocrx_word' id='word_1_235' title='bbox 1645 2161 1760 2199; x_wconf 90' lang='lat' dir='ltr'>modo</span> <span class='ocrx_word' id='word_1_236' title='bbox 1791 2162 1854 2199; x_wconf 81' lang='lat' dir='ltr'>vel</span> 
     </span>
     <span class='ocr_line' id='line_1_49' title="bbox 264 2223 1852 2278; baseline 0.004 -19"><span class='ocrx_word' id='word_1_237' title='bbox 264 2225 363 2271; x_wconf 89' lang='lat' dir='ltr'>quot</span> <span class='ocrx_word' id='word_1_238' title='bbox 391 2223 656 2261; x_wconf 85' lang='lat' dir='ltr'>distinctiones</span> <span class='ocrx_word' id='word_1_239' title='bbox 685 2225 827 2263; x_wconf 83' lang='lat' dir='ltr'>habeat</span> <span class='ocrx_word' id='word_1_240' title='bbox 857 2226 918 2263; x_wconf 87' lang='lat' dir='ltr'>hic</span> <span class='ocrx_word' id='word_1_241' title='bbox 949 2226 1112 2265; x_wconf 84' lang='lat' dir='ltr'>ultimus</span> <span class='ocrx_word' id='word_1_242' title='bbox 1142 2227 1358 2265; x_wconf 86' lang='lat' dir='ltr'>videamus.</span> <span class='ocrx_word' id='word_1_243' title='bbox 1379 2227 1512 2266; x_wconf 83' lang='lat' dir='ltr'>Habet</span> <span class='ocrx_word' id='word_1_244' title='bbox 1540 2227 1755 2278; x_wconf 69' lang='lat' dir='ltr'>propositas</span> <span class='ocrx_word' id='word_1_245' title='bbox 1783 2240 1852 2276; x_wconf 86' lang='lat' dir='ltr'>per</span> 
     </span>
     <span class='ocr_line' id='line_1_50' title="bbox 265 2289 1850 2343; baseline 0.004 -19"><span class='ocrx_word' id='word_1_246' title='bbox 265 2290 403 2325; x_wconf 88' lang='lat' dir='ltr'>tonum</span> <span class='ocrx_word' id='word_1_247' title='bbox 433 2290 471 2326; x_wconf 89' lang='lat' dir='ltr'>ct</span> <span class='ocrx_word' id='word_1_248' title='bbox 497 2289 684 2339; x_wconf 83' lang='lat' dir='ltr'>reliquias</span> <span class='ocrx_word' id='word_1_249' title='bbox 714 2292 860 2340; x_wconf 89' lang='lat' dir='ltr'>species</span> <span class='ocrx_word' id='word_1_250' title='bbox 891 2292 999 2330; x_wconf 83' lang='lat' dir='ltr'>duas.</span> <span class='ocrx_word' id='word_1_251' title='bbox 1033 2292 1243 2342; x_wconf 83' lang='lat' dir='ltr'>Appositas</span> <span class='ocrx_word' id='word_1_252' title='bbox 1273 2293 1371 2331; x_wconf 88' lang='lat' dir='ltr'>duas</span> <span class='ocrx_word' id='word_1_253' title='bbox 1399 2298 1438 2332; x_wconf 82' lang='lat' dir='ltr'>et</span> <span class='ocrx_word' id='word_1_254' title='bbox 1467 2307 1546 2331; x_wconf 87' lang='lat' dir='ltr'>una</span> <span class='ocrx_word' id='word_1_255' title='bbox 1584 2306 1629 2332; x_wconf 79' lang='lat' dir='ltr'>ex</span> <span class='ocrx_word' id='word_1_256' title='bbox 1665 2293 1850 2343; x_wconf 87' lang='lat' dir='ltr'>appositis</span> 
     </span>
     <span class='ocr_line' id='line_1_51' title="bbox 264 2353 1850 2408; baseline 0.004 -18"><span class='ocrx_word' id='word_1_257' title='bbox 264 2353 461 2391; x_wconf 87' lang='lat' dir='ltr'>interdum</span> <span class='ocrx_word' id='word_1_258' title='bbox 491 2357 530 2392; x_wconf 91' lang='lat' dir='ltr'>et</span> <span class='ocrx_word' id='word_1_259' title='bbox 558 2357 756 2404; x_wconf 87' lang='lat' dir='ltr'>preposita</span> <span class='ocrx_word' id='word_1_260' title='bbox 794 2369 862 2405; x_wconf 89' lang='lat' dir='ltr'>per</span> <span class='ocrx_word' id='word_1_261' title='bbox 900 2357 1153 2407; x_wconf 81' lang='lat' dir='ltr'>diatessaron,</span> <span class='ocrx_word' id='word_1_262' title='bbox 1190 2358 1401 2408; x_wconf 87' lang='lat' dir='ltr'>aliquando</span> <span class='ocrx_word' id='word_1_263' title='bbox 1432 2372 1500 2408; x_wconf 90' lang='lat' dir='ltr'>per</span> <span class='ocrx_word' id='word_1_264' title='bbox 1535 2359 1728 2408; x_wconf 50' lang='lat' dir='ltr'>diapenta</span> <span class='ocrx_word' id='word_1_265' title='bbox 1761 2372 1850 2408; x_wconf 89' lang='lat' dir='ltr'>sup-</span> 
     </span>
     <span class='ocr_line' id='line_1_52' title="bbox 265 2420 1850 2476; baseline 0.004 -20"><span class='ocrx_word' id='word_1_266' title='bbox 265 2420 433 2468; x_wconf 85' lang='lat' dir='ltr'>positam</span> <span class='ocrx_word' id='word_1_267' title='bbox 463 2434 593 2458; x_wconf 87' lang='lat' dir='ltr'>unam.</span> <span class='ocrx_word' id='word_1_268' title='bbox 625 2421 832 2460; x_wconf 87' lang='lat' dir='ltr'>Affinitate</span> <span class='ocrx_word' id='word_1_269' title='bbox 860 2425 993 2461; x_wconf 87' lang='lat' dir='ltr'>autem</span> <span class='ocrx_word' id='word_1_270' title='bbox 1024 2424 1280 2474; x_wconf 86' lang='lat' dir='ltr'>conjungitur</span> <span class='ocrx_word' id='word_1_271' title='bbox 1299 2426 1462 2463; x_wconf 84' lang='lat' dir='ltr'>autento</span> <span class='ocrx_word' id='word_1_272' title='bbox 1483 2424 1645 2463; x_wconf 87' lang='lat' dir='ltr'>deutero</span> <span class='ocrx_word' id='word_1_273' title='bbox 1667 2427 1704 2463; x_wconf 85' lang='lat' dir='ltr'>et</span> <span class='ocrx_word' id='word_1_274' title='bbox 1724 2425 1850 2476; x_wconf 85' lang='lat' dir='ltr'>plagis</span> 
     </span>
     <span class='ocr_line' id='line_1_53' title="bbox 264 2484 1850 2539; baseline 0.004 -17"><span class='ocrx_word' id='word_1_275' title='bbox 264 2484 362 2522; x_wconf 86' lang='lat' dir='ltr'>triti.</span> <span class='ocrx_word' id='word_1_276' title='bbox 391 2484 503 2524; x_wconf 85' lang='lat' dir='ltr'>Unde</span> <span class='ocrx_word' id='word_1_277' title='bbox 532 2488 571 2524; x_wconf 87' lang='lat' dir='ltr'>et</span> <span class='ocrx_word' id='word_1_278' title='bbox 598 2486 727 2524; x_wconf 88' lang='lat' dir='ltr'>minus</span> <span class='ocrx_word' id='word_1_279' title='bbox 758 2488 965 2537; x_wconf 79' lang='lat' dir='ltr'>capacibus</span> <span class='ocrx_word' id='word_1_280' title='bbox 995 2491 1075 2526; x_wconf 88' lang='lat' dir='ltr'>tam</span> <span class='ocrx_word' id='word_1_281' title='bbox 1106 2490 1285 2539; x_wconf 84' lang='lat' dir='ltr'>perfusas</span> <span class='ocrx_word' id='word_1_282' title='bbox 1315 2503 1422 2528; x_wconf 88' lang='lat' dir='ltr'>error</span> <span class='ocrx_word' id='word_1_283' title='bbox 1449 2491 1502 2528; x_wconf 88' lang='lat' dir='ltr'>sit</span> <span class='ocrx_word' id='word_1_284' title='bbox 1529 2492 1574 2528; x_wconf 88' lang='lat' dir='ltr'>ut</span> <span class='ocrx_word' id='word_1_285' title='bbox 1596 2491 1721 2529; x_wconf 88' lang='lat' dir='ltr'>multa</span> <span class='ocrx_word' id='word_1_286' title='bbox 1749 2491 1850 2529; x_wconf 89' lang='lat' dir='ltr'>mela</span> 
     </span>
     <span class='ocr_line' id='line_1_54' title="bbox 265 2551 1850 2605; baseline 0.004 -18"><span class='ocrx_word' id='word_1_287' title='bbox 265 2563 339 2599; x_wconf 90' lang='lat' dir='ltr'>que</span> <span class='ocrx_word' id='word_1_288' title='bbox 366 2553 460 2589; x_wconf 87' lang='lat' dir='ltr'>sunt</span> <span class='ocrx_word' id='word_1_289' title='bbox 489 2551 638 2590; x_wconf 88' lang='lat' dir='ltr'>deuteri</span> <span class='ocrx_word' id='word_1_290' title='bbox 667 2553 773 2591; x_wconf 86' lang='lat' dir='ltr'>modi</span> <span class='ocrx_word' id='word_1_291' title='bbox 802 2554 950 2592; x_wconf 87' lang='lat' dir='ltr'>faciant</span> <span class='ocrx_word' id='word_1_292' title='bbox 970 2555 1010 2592; x_wconf 91' lang='lat' dir='ltr'>in</span> <span class='ocrx_word' id='word_1_293' title='bbox 1030 2557 1138 2593; x_wconf 84' lang='lat' dir='ltr'>sexto</span> <span class='ocrx_word' id='word_1_294' title='bbox 1158 2561 1227 2593; x_wconf 83' lang='lat' dir='ltr'>aut</span> <span class='ocrx_word' id='word_1_295' title='bbox 1247 2557 1394 2603; x_wconf 82' lang='lat' dir='ltr'>octavo,</span> <span class='ocrx_word' id='word_1_296' title='bbox 1417 2557 1456 2594; x_wconf 89' lang='lat' dir='ltr'>et</span> <span class='ocrx_word' id='word_1_297' title='bbox 1476 2569 1519 2594; x_wconf 87' lang='lat' dir='ltr'>ea</span> <span class='ocrx_word' id='word_1_298' title='bbox 1539 2569 1614 2605; x_wconf 87' lang='lat' dir='ltr'>que</span> <span class='ocrx_word' id='word_1_299' title='bbox 1633 2559 1724 2595; x_wconf 86' lang='lat' dir='ltr'>sunt</span> <span class='ocrx_word' id='word_1_300' title='bbox 1753 2555 1850 2595; x_wconf 78' lang='lat' dir='ltr'>sexti</span> 
     </span>
     <span class='ocr_line' id='line_1_55' title="bbox 263 2612 1850 2672; baseline 0.006 -20"><span class='ocrx_word' id='word_1_301' title='bbox 263 2615 410 2654; x_wconf 82' lang='lat' dir='ltr'>faciant</span> <span class='ocrx_word' id='word_1_302' title='bbox 438 2617 478 2654; x_wconf 88' lang='lat' dir='ltr'>in</span> <span class='ocrx_word' id='word_1_303' title='bbox 507 2617 666 2655; x_wconf 87' lang='lat' dir='ltr'>deutero</span> <span class='ocrx_word' id='word_1_304' title='bbox 695 2621 762 2657; x_wconf 83' lang='lat' dir='ltr'>aut</span> <span class='ocrx_word' id='word_1_305' title='bbox 792 2619 940 2669; x_wconf 86' lang='lat' dir='ltr'>plagali</span> <span class='ocrx_word' id='word_1_306' title='bbox 969 2620 1169 2658; x_wconf 84' lang='lat' dir='ltr'>tetrardo:</span> <span class='ocrx_word' id='word_1_307' title='bbox 1215 2612 1335 2670; x_wconf 86' lang='lat' dir='ltr'>fitque</span> <span class='ocrx_word' id='word_1_308' title='bbox 1375 2634 1482 2660; x_wconf 87' lang='lat' dir='ltr'>error</span> <span class='ocrx_word' id='word_1_309' title='bbox 1522 2622 1711 2660; x_wconf 83' lang='lat' dir='ltr'>maximus</span> <span class='ocrx_word' id='word_1_310' title='bbox 1740 2622 1850 2672; x_wconf 86' lang='lat' dir='ltr'>igno-</span> 
     </span>
     <span class='ocr_line' id='line_1_56' title="bbox 265 2682 1849 2738; baseline 0.006 -20"><span class='ocrx_word' id='word_1_311' title='bbox 265 2684 394 2719; x_wconf 87' lang='lat' dir='ltr'>rantes</span> <span class='ocrx_word' id='word_1_312' title='bbox 428 2682 531 2732; x_wconf 84' lang='lat' dir='ltr'>quod</span> <span class='ocrx_word' id='word_1_313' title='bbox 566 2683 628 2721; x_wconf 85' lang='lat' dir='ltr'>eui</span> <span class='ocrx_word' id='word_1_314' title='bbox 666 2684 840 2723; x_wconf 87' lang='lat' dir='ltr'>tribuere</span> <span class='ocrx_word' id='word_1_315' title='bbox 880 2686 1045 2735; x_wconf 84' lang='lat' dir='ltr'>possint.</span> <span class='ocrx_word' id='word_1_316' title='bbox 1074 2685 1319 2736; x_wconf 82' lang='lat' dir='ltr'>Quapropter</span> <span class='ocrx_word' id='word_1_317' title='bbox 1356 2699 1507 2726; x_wconf 87' lang='lat' dir='ltr'>necesse</span> <span class='ocrx_word' id='word_1_318' title='bbox 1535 2689 1604 2734; x_wconf 88' lang='lat' dir='ltr'>est,</span> <span class='ocrx_word' id='word_1_319' title='bbox 1635 2689 1680 2726; x_wconf 91' lang='lat' dir='ltr'>ut</span> <span class='ocrx_word' id='word_1_320' title='bbox 1708 2688 1849 2738; x_wconf 84' lang='lat' dir='ltr'>quibus</span> 
     </span>
    </p>
   </div>
   <div class='ocr_carea' id='block_1_31' title="bbox 324 2811 1503 2857">
    <p class='ocr_par' dir='ltr' id='par_1_34' title="bbox 324 2811 1503 2857">
     <span class='ocr_line' id='line_1_57' title="bbox 324 2811 1503 2857; baseline 0.004 -13"><span class='ocrx_word' id='word_1_321' title='bbox 324 2811 377 2856; x_wconf 52' lang='lat'>(1)</span> <span class='ocrx_word' id='word_1_322' title='bbox 405 2811 542 2853; x_wconf 78' lang='lat' dir='ltr'>Questo</span> <span class='ocrx_word' id='word_1_323' title='bbox 568 2813 732 2857; x_wconf 84' lang='lat' dir='ltr'>capitolo</span> <span class='ocrx_word' id='word_1_324' title='bbox 760 2825 834 2848; x_wconf 88' lang='lat' dir='ltr'>non</span> <span class='ocrx_word' id='word_1_325' title='bbox 867 2813 886 2848; x_wconf 76' lang='lat' dir='ltr'>e</span> <span class='ocrx_word' id='word_1_326' title='bbox 914 2818 1111 2850; x_wconf 83' lang='lat' dir='ltr'>numerato</span> <span class='ocrx_word' id='word_1_327' title='bbox 1138 2814 1198 2850; x_wconf 87' lang='lat' dir='ltr'>nel</span> <span class='ocrx_word' id='word_1_328' title='bbox 1225 2814 1503 2850; x_wconf 82' lang='lat' dir='ltr'>Coussemaker.</span> 
     </span>
    </p>
   </div>
  </div>
 </body>
</html>
