2012 3182
277 149 347 184 390
866 148 949 183 GUI
955 149 1014 184 Do
1041 148 1254 184 ARETINO

278 259 455 299 canenti
488 273 658 315 semper
690 258 855 300 chorda
888 264 1046 315 quarta
1079 258 1302 314 succedat,
1336 266 1385 302 ut
1427 261 1465 302 A
1502 261 1558 303 ad
1599 264 1657 315 D,
1691 263 1767 304 ubi
1806 264 1843 305 si

277 344 490 383 organum
523 344 599 385 per
632 336 811 371 acutum
843 346 870 371 a
906 329 1117 386 duplices,
1146 337 1194 371 ut
1227 332 1284 372 sit
1321 332 1368 372 D
1399 348 1425 373 α
1459 333 1678 375 resonabit
1710 334 1750 375 A
1786 335 1843 377 ad

278 401 322 440 D
344 400 629 452 diatessaron,
654 400 711 441 ad
737 417 764 441 a
797 400 1022 457 diapason,
1056 402 1102 442 D
1129 416 1233 442 vero
1267 401 1323 443 ad
1355 409 1588 459 utramque
1618 404 1660 445 A
1696 422 1722 446 a
1750 406 1844 448 dia-

277 477 471 512 tessaron
505 480 534 516 sa
566 471 787 527 diapente,
820 488 847 513 a
880 481 1058 514 acutum
1101 472 1156 513 ad
1199 474 1423 528 graviores
1456 474 1661 530 diapente
1696 486 1724 522 ὣ
1756 477 1844 519 dia-

277 558 426 598 pason.
459 544 517 585 Et
551 545 653 599 quia
686 544 752 586 hae
785 551 872 586 tres
906 545 1071 600 species
1097 544 1153 586 ad
1180 551 1350 587 tantam
1395 548 1545 602 organi
1592 548 1844 590 societatem

278 629 321 655 se
354 616 615 670 permiscent
658 631 709 657 ac
754 617 986 669 suavitate,
1038 623 1083 657 ut
1115 616 1451 658 similitudinem
1498 633 1653 661 vocum
1692 619 1846 661 fecisse

276 687 476 742 superius
511 694 612 728 sunt
645 694 895 729 monstratae
929 687 1210 743 symphoniae,
1245 688 1341 730 ideo
1375 696 1476 745 apte
1516 705 1672 732 vocum
1714 706 1844 747 copu-

278 756 462 798 lationes
504 758 724 812 dicuntur,
768 774 867 800 cum
915 759 1177 815 symphonia
1224 759 1276 800 de
1325 768 1458 802 cantu
1503 764 1619 804 omni
1659 763 1850 805 dicatur.

279 829 421 870 Dictze
455 836 600 870 autem
635 829 881 886 diaphoniae
914 829 994 872 hoc
1027 838 1090 871 est
1123 831 1395 887 exemplum:

472 962 664 1005 Diapason
763 961 1486 1007 cclecdedeccbaycdeddc.

471 1022 655 1065 Diapente
755 1021 849 1056 FGa
871 1021 965 1055 FGa
988 1021 1129 1056 GFFF
1140 1022 1324 1058 EDCFG
1344 1023 1488 1059 aGGF.

879 1149 1016 1183 Misere
1042 1150 1111 1183 mei
1137 1150 1253 1184 Deus.

399 1256 641 1290 Diatessaron
687 1257 716 1291 C
734 1258 767 1291 D
785 1257 824 1290 E
847 1259 875 1291 C
895 1257 933 1290 D
951 1257 990 1290 E
1007 1258 1041 1291 D
1063 1257 1091 1291 C
1116 1256 1144 1291 C
1169 1256 1197 1292 C
1217 1258 1251 1291 Β
1271 1258 1303 1292 Α
1355 1260 1387 1297 Γ
1442 1259 1472 1293 C
1488 1259 1676 1295 DEDDG.

340 1365 446 1406 Haec
479 1372 626 1406 autem
657 1364 798 1420 figura
840 1373 990 1420 aperte
1035 1365 1265 1407 emendata
1313 1368 1507 1409 continet
1550 1369 1849 1424 praecedentes

282 1451 407 1478 voces
440 1437 568 1478 huius
601 1436 850 1492 antiphonae
883 1436 1086 1477 Miserere
1119 1437 1198 1478 mei
1224 1438 1355 1491 Deus,
1378 1437 1691 1494 subsequentes
1725 1455 1853 1496 orga-

281 1508 469 1550 nizando
504 1523 580 1563 per
612 1507 898 1560 diatessaron,
932 1507 1046 1563 quod
1079 1508 1324 1563 vulgariter
1351 1508 1512 1551 dicitur
1544 1526 1756 1566 organum
1784 1514 1849 1566 (1)

282 1594 414 1636 supra
437 1594 554 1633 voce,
573 1579 617 1620 id
643 1585 720 1633 cst,
739 1578 819 1620 sub
847 1579 926 1632 his,
947 1579 1242 1635 praecedentes
1269 1587 1419 1623 acutas
1448 1596 1573 1624 voces
1597 1584 1756 1624 retinet
1783 1598 1848 1625 or—

284 1653 535 1706 ganizantes
549 1651 854 1707 perdiapcnte,
873 1651 989 1706 quod
1008 1665 1219 1706 organum
1235 1651 1397 1694 dicitur
1410 1669 1543 1710 supra
1561 1669 1726 1696 vocem.
1745 1655 1851 1697 Hoec

284 1729 430 1764 autem
464 1722 703 1778 antiphona
736 1722 788 1763 de
823 1723 926 1764 trito
958 1729 1073 1776 tono,
1108 1723 1153 1765 id
1186 1731 1251 1765 est
1284 1732 1406 1767 sexto
1439 1732 1522 1779 est,
1553 1735 1582 1771 ὣ
1620 1726 1853 1783 deponitur

286 1795 330 1834 in
362 1809 414 1835 ea
445 1809 657 1849 organum
690 1809 825 1850 usque
864 1795 920 1836 ad
964 1794 1000 1836 C
1029 1809 1223 1849 gravem,
1255 1796 1311 1838 ad
1338 1812 1468 1852 quam
1502 1812 1714 1854 organum
1746 1813 1851 1840 non-

285 1881 521 1921 numquam
548 1866 786 1908 descendit.
821 1866 944 1909 Sicut
977 1868 1091 1908 enim
1119 1883 1275 1922 graves
1315 1868 1585 1911 descendunt
1623 1884 1766 1925 voees,
1791 1871 1853 1911 sic

286 1938 528 1980 ascendunt
562 1944 714 1979 acutae.
737 1939 863 1980 Potes
892 1948 920 1984 S:
947 1946 1123 1981 cantum
1145 1955 1244 1981 cum
1270 1955 1432 1995 organo
1457 1947 1486 1984 ὣ
1513 1955 1726 1995 organum
1756 1956 1852 1982 cuin

286 2016 434 2063 cantu,
470 2016 683 2064 quantum
716 2009 908 2063 libuerit,
944 2010 1170 2066 duplicare
1203 2026 1281 2067 per
1313 2011 1549 2067 diapason3
1589 2011 1855 2068 ubicumque

288 2082 404 2123 enim
437 2083 528 2122 eius
562 2081 796 2123 concordia
830 2081 972 2137 fuerit,
1005 2082 1124 2131 dicta
1163 2082 1524 2138 symphoniarum
1565 2084 1732 2139 aptatio
1766 2098 1852 2125 non

288 2152 491 2195 cessabit.

347 2224 459 2267 Cum
492 2226 638 2281 itaque
671 2226 757 2266 iam
791 2227 898 2267 satis
931 2240 1083 2267 vocum
1116 2225 1336 2282 patefacta
1376 2227 1432 2267 sit
1465 2225 1719 2282 duplicatio,
1753 2241 1858 2281 gra—

289 2311 386 2338 vem
418 2312 443 2337 a
476 2303 658 2338 canente
692 2304 957 2350 succentum,
992 2313 1122 2352 more,
1151 2313 1233 2354 quo
1260 2313 1336 2339 nos
1364 2299 1542 2352 utimur,
1571 2298 1854 2354 explicemus.

290 2367 497 2424 Superior
535 2384 689 2424 nempe
711 2368 958 2424 diaphonize
978 2370 1129 2411 modus
1147 2370 1280 2411 durus
1301 2376 1376 2423 est,
1401 2376 1548 2411 noster
1571 2384 1675 2411 vero
1699 2369 1854 2422 mollis,

290 2439 345 2480 ad
378 2454 504 2494 quem
539 2440 810 2481 semitonium
839 2449 869 2486 &v
894 2439 1099 2496 diapente
1127 2456 1212 2482 non
1245 2441 1538 2495 admittimus3
1571 2447 1719 2482 tonum
1754 2455 1858 2482 vero

291 2519 320 2556 &r
352 2510 550 2553 ditonum
584 2519 612 2556 ὣ
645 2512 954 2553 semiditonum
988 2527 1086 2554 cum
1120 2513 1389 2555 diatessaron
1417 2513 1663 2569 recipimus,
1689 2512 1763 2553 scd
1791 2528 1858 2554 se-

291 2581 549 2624 miditonum
582 2583 627 2624 in
662 2581 729 2624 his
762 2582 1021 2638 infimatum,
1056 2585 1323 2627 diatessaron
1358 2599 1459 2626 vero
1492 2583 1659 2626 obtinet
1697 2585 1859 2640 princi—

290 2660 456 2708 patum.

343 2835 397 2880 (1)
426 2835 577 2871 Melius:
605 2837 684 2871 sub.
