2012 3182
357 147 425 181 416
940 145 1089 181 0111110
1115 123 1328 181 11111111Νο

414 243 558 297 Igitur
580 242 745 282 curiose
761 246 825 281 est
847 240 1160 283 intendendum
1184 237 1236 282 cle
1258 242 1373 282 omni
1395 231 1520 296 melo,
1539 243 1773 286 secundum
1795 244 1916 285 cuiu-

356 313 493 353 smodi
518 313 826 367 proprietatem
848 317 984 365 sonet,
1008 312 1099 352 sive
1125 312 1170 352 in
1188 312 1401 367 principio
1423 313 1513 353 sive
1538 314 1582 354 in
1599 314 1697 368 fine,
1716 315 1917 371 quamvis

355 384 406 424 dc
439 382 527 424 solo
561 382 645 424 fine
679 382 823 424 dicere
862 382 1090 424 soleamus·
1124 382 1334 434 Quaedam
1366 389 1511 425 autem
1536 399 1701 426 neumae
1733 393 1914 442 repertae

355 460 469 508 sunt,
501 469 686 510 quarum
718 453 963 510 aptitudine
995 454 1076 496 hoc
1108 455 1292 496 solemus
1325 441 1590 510 adevertere,
1624 463 1786 512 utpote.
1915 447 1918 451 ⁴

472 588 489 612 θ
1351 603 1373 626 α
1387 603 1411 626 α
1503 615 1534 650 G
1554 590 1577 614 a
1603 615 1635 650 G

468 660 491 682 (ι
613 660 635 682 α
759 660 781 683 α
869 648 909 682 F
1349 675 1380 709 G
1397 651 1436 685 F
1455 650 1494 684 F

471 722 503 755 D
809 707 840 742 G
865 720 905 754 E
945 708 975 742 G
1022 696 1112 732 FE
1159 698 1196 732 D
1216 700 1249 733 D
1297 721 1336 755 F
1425 700 1463 733 E
1649 724 1657 733 .
1674 722 1713 757 F

1303 769 1332 804 C
1631 770 1670 803 Γ
1700 771 1740 804 Ε

469 815 632 850 Primum
757 815 903 859 queterit
927 827 946 850 e
972 826 1123 860 reynum
1173 816 1241 850 Dei
1739 819 1783 852 D.

1238 965 1279 999 F
1299 993 1307 1002 .

357 1022 411 1055 D‘1
446 1021 573 1056 CED
623 1021 699 1056 DF
741 1023 774 1056 D
828 1022 856 1057 C
876 1022 988 1057 FFF
1029 1024 1068 1057 Ε
1209 1024 1298 1058 RE
1347 1024 1387 1057 F
1575 1024 1665 1058 FF
1711 1039 1715 1043 -
1851 1023 1890 1057 F

656 1095 660 1101 -
1367 1084 1405 1116 E
1461 1079 1464 1082 ⁴
1537 1071 1575 1104 Ε
1592 1072 1629 1105 D
1650 1072 1688 1105 Ε

1411 1144 1445 1177 D
1501 1130 1533 1163 1)
1698 1120 1731 1153 D
1833 1121 1862 1153 D
1882 1120 1915 1153 D

248 1212 250 1214 v
270 1199 279 1221 ε
358 1188 565 1222 Secundum
633 1191 753 1222 cautem
828 1189 944 1223 simile
988 1193 1041 1224 est
1198 1190 1285 1224 huic
1451 1190 1480 1225 C
1738 1190 1768 1225 G

414 1302 525 1343 Cum
551 1303 668 1343 enim
689 1302 811 1344 finito
836 1303 978 1358 aliquo
1001 1310 1131 1344 cantu
1156 1303 1268 1344 hanc
1293 1318 1494 1344 neumam
1516 1305 1608 1345 eius
1636 1305 1680 1344 in
1703 1303 1787 1344 fine
1809 1302 1917 1344 bene

354 1372 513 1414 videris
545 1374 792 1427 convenire,
825 1375 976 1415 statim
1010 1389 1257 1428 cognosces,
1281 1376 1382 1430 quia
1405 1381 1558 1415 cantus
1586 1374 1659 1415 ille
1690 1374 1838 1415 finitus
1865 1375 1920 1415 sit

355 1445 398 1485 in
431 1445 567 1499 primo
600 1443 740 1496 modo,
775 1445 810 1485 ἃ
837 1446 976 1500 primo
1001 1445 1071 1486 vel
1104 1451 1258 1500 quarto
1293 1460 1420 1502 sono3
1454 1446 1556 1500 quia
1587 1445 1629 1486 in
1653 1444 1720 1486 his
1753 1443 1919 1485 (luobus

357 1517 473 1556 sonis
506 1516 670 1571 primus
702 1522 767 1556 est
804 1516 969 1557 modus.

414 1585 514 1627 Sola
546 1592 690 1627 autem
724 1586 804 1627 hac
837 1602 995 1628 neuma
1027 1587 1213 1630 solemus
1247 1589 1437 1644 primum
1475 1594 1625 1631 tonum
1658 1587 1919 1640 discernere,

355 1659 553 1714 quamvis
576 1673 674 1699 cum
701 1658 785 1698 alia
809 1659 1114 1714 qualicumque
1142 1659 1416 1715 symphonia,
1444 1674 1539 1715 quae
1572 1660 1617 1700 in
1643 1656 1795 1700 ecdem
1818 1672 1919 1706 sono

353 1729 521 1785 incipit,
563 1729 655 1771 haec
698 1731 832 1785 possit
863 1730 1076 1785 similiter,
1114 1732 1149 1772 ἃς
1188 1730 1424 1787 aliquando
1457 1730 1611 1789 melius
1643 1730 1752 1771 fieri.
1786 1729 1920 1772 Cuius

355 1802 468 1842 enim
502 1801 619 1850 modi
652 1801 922 1856 symphoniis
950 1801 1151 1857 quaelibet
1175 1802 1435 1858 symphonia
1462 1808 1651 1857 aptatur,
1686 1802 1776 1842 eius
1802 1801 1919 1843 modi

355 1887 445 1914 esse
488 1873 789 1927 cognoscitur,
823 1874 970 1928 sicque
1008 1873 1229 1929 intelligis,
1265 1887 1321 1915 an
1352 1873 1462 1916 bene
1495 1874 1684 1930 aliquam
1717 1888 1918 1914 neumam

354 1945 621 2000 pronunties,
650 1959 749 1985 cum
776 1959 872 1985 eam
900 1945 1111 1986 eiusmodi
1135 1946 1406 2002 symphoniis
1441 1947 1486 1987 in
1509 1960 1593 2001 quo
1613 1945 1737 1987 modo
1771 1951 1920 1987 notata

356 2015 499 2068 fuerit,
535 2021 830 2071 competenter
871 2017 1014 2072 aptari
1048 2017 1336 2072 conspexeris.
1368 2017 1484 2058 Nota
1516 2005 1675 2070 autem,
1709 2017 1919 2073 quomodo

354 2090 501 2129 modos
529 2087 713 2129 dicimus
754 2103 839 2141 eOS,
867 2089 941 2144 qui
975 2089 1019 2129 111
1061 2088 1255 2130 formulis
1289 2095 1491 2130 tonorum
1523 2104 1609 2130 non
1638 2090 1813 2144 proprie
1846 2089 1920 2131 sed

355 2158 533 2200 abusive
559 2160 841 2201 nominantur
869 2161 971 2212 toni,
1001 2175 1099 2201 cum
1122 2160 1239 2202 modi
1267 2160 1336 2202 vel
1370 2161 1483 2216 tropi
1508 2161 1680 2216 proprie
1703 2160 1918 2202 dicantur.

411 2229 528 2271 Illud
559 2245 728 2286 quoque
755 2230 887 2272 debes
920 2246 1170 2286 agnoscere,
1207 2231 1420 2287 quomodo
1454 2233 1499 2272 in
1533 2230 1732 2273 omnibus
1766 2232 1917 2285 modis,

354 2316 454 2343 cum
486 2316 620 2357 grave
646 2302 779 2343 fuerit
810 2302 986 2357 melum,
1016 2303 1228 2358 gravibus
1260 2308 1437 2359 aptatur
1468 2303 1653 2345 modulis
1684 2304 1753 2346 vel
1784 2303 1919 2345 melis.

328 2383 337 2392 ·
357 2372 466 2415 Cum
499 2388 602 2414 vero
635 2373 724 2414 alta
745 2374 908 2416 fuerint
941 2375 1067 2429 mela,
1103 2375 1203 2417 altis
1229 2377 1382 2417 melius
1409 2377 1675 2417 conveniunt
1701 2361 1920 2418 melis'vel

355 2443 557 2486 modulis.
590 2444 781 2500 Ideoque
820 2445 954 2487 habes
994 2447 1039 2488 111
1072 2447 1273 2488 formulis
1307 2447 1534 2489 modorum
1567 2447 1675 2489 duas
1710 2447 1918 2488 formulas

356 2517 400 2556 in
433 2530 691 2571 unoquoque
724 2517 865 2558 modo.
900 2518 1049 2559 Prima
1075 2533 1263 2575 namque
1296 2519 1332 2560 Sc
1365 2518 1558 2560 secunda
1583 2517 1766 2559 formula
1787 2519 1934 2574 primi·

354 2593 420 2629 est
452 2587 590 2628 modi:
625 2589 752 2629 tertia
780 2589 816 2630 &
848 2595 1004 2644 quarta
1026 2590 1222 2632 secundi:
1259 2591 1412 2646 quinta
1453 2590 1489 2631 &
1522 2595 1646 2631 sexta
1684 2591 1821 2632 tertii:
1856 2605 1920 2631 se-

354 2660 493 2715 ptima
524 2660 559 2701 &
592 2666 746 2701 octava
769 2662 926 2716 quarti.
948 2661 1053 2704 Ideo
1077 2663 1192 2703 enim
1219 2669 1313 2704 octo
1340 2664 1432 2704 toni
1456 2662 1674 2718 dicuntur,
1696 2663 1799 2718 quia
1824 2669 1918 2704 octo

356 2729 518 2772 habent
549 2730 770 2773 formulas.
803 2732 950 2774 Prima
973 2739 1118 2776 autem
1145 2733 1181 2774 ὁὶ
1202 2735 1352 2788 tertia,
1379 2734 1533 2789 quinta
1565 2733 1600 2774 ἃ
1623 2734 1806 2789 septima
1832 2733 1919 2774 for-
1949 2733 1956 2742 '

355 2801 471 2843 mula
503 2808 688 2858 quatuor
719 2803 945 2845 modorum
978 2803 1088 2846 altos
1129 2792 1354 2847 continent
1385 2811 1564 2861 cantus3
1598 2805 1786 2847 secunda
1817 2819 1919 2847 vero
