<?xml version="1.0" encoding="UTF-8"?>
<!DOCTYPE html PUBLIC "-//W3C//DTD XHTML 1.0 Transitional//EN"
    "http://www.w3.org/TR/xhtml1/DTD/xhtml1-transitional.dtd">
<html xmlns="http://www.w3.org/1999/xhtml" xml:lang="en" lang="en">
 <head>
  <title>
</title>
<meta http-equiv="Content-Type" content="text/html;charset=utf-8" />
  <meta name='ocr-system' content='tesseract 3.04.00' />
  <meta name='ocr-capabilities' content='ocr_page ocr_carea ocr_par ocr_line ocrx_word'/>
</head>
<body>
  <div class='ocr_page' id='page_1' title='image "./guidoaretinomona00bran_0421.png"; bbox 0 0 1996 3150; ppageno 0'>
   <div class='ocr_carea' id='block_1_1' title="bbox 674 253 1643 290">
    <p class='ocr_par' dir='ltr' id='par_1_1' title="bbox 674 253 1643 290">
     <span class='ocr_line' id='line_1_1' title="bbox 674 253 1643 290; baseline -0.003 -1"><span class='ocrx_word' id='word_1_1' title='bbox 674 253 820 289; x_wconf 88' lang='lat' dir='ltr'><strong>GUIDO</strong></span> <span class='ocrx_word' id='word_1_2' title='bbox 848 253 1062 290; x_wconf 86' lang='lat' dir='ltr'>ARETINO</span> <span class='ocrx_word' id='word_1_3' title='bbox 1575 253 1643 287; x_wconf 70' lang='lat'>40?</span> 
     </span>
    </p>
   </div>
   <div class='ocr_carea' id='block_1_2' title="bbox 149 349 1446 1605">
    <p class='ocr_par' dir='ltr' id='par_1_2' title="bbox 149 349 1446 407">
     <span class='ocr_line' id='line_1_2' title="bbox 149 349 1446 407; baseline 0 -16"><span class='ocrx_word' id='word_1_4' title='bbox 149 349 246 390; x_wconf 88' lang='lat' dir='ltr'>Non</span> <span class='ocrx_word' id='word_1_5' title='bbox 279 356 343 391; x_wconf 90' lang='lat' dir='ltr'>est</span> <span class='ocrx_word' id='word_1_6' title='bbox 374 349 570 405; x_wconf 78' lang='lat' dir='ltr'>dubium,</span> <span class='ocrx_word' id='word_1_7' title='bbox 602 351 716 406; x_wconf 89' lang='lat' dir='ltr'>quod</span> <span class='ocrx_word' id='word_1_8' title='bbox 749 352 784 391; x_wconf 91' lang='lat' dir='ltr'>si</span> <span class='ocrx_word' id='word_1_9' title='bbox 817 352 912 407; x_wconf 88' lang='lat' dir='ltr'>quis</span> <span class='ocrx_word' id='word_1_10' title='bbox 944 352 1145 392; x_wconf 83' lang='lat' dir='ltr'>minimas</span> <span class='ocrx_word' id='word_1_11' title='bbox 1179 351 1446 407; x_wconf 77' lang='lat' dir='ltr'>cognoverit,</span> 
     </span>
    </p>

    <p class='ocr_par' dir='ltr' id='par_1_3' title="bbox 150 420 1231 478">
     <span class='ocr_line' id='line_1_3' title="bbox 150 420 1231 478; baseline 0.003 -17"><span class='ocrx_word' id='word_1_12' title='bbox 150 420 217 461; x_wconf 90' lang='lat' dir='ltr'>De</span> <span class='ocrx_word' id='word_1_13' title='bbox 249 421 487 463; x_wconf 87' lang='lat' dir='ltr'>maioribus</span> <span class='ocrx_word' id='word_1_14' title='bbox 518 436 793 477; x_wconf 84' lang='lat' dir='ltr'>nequaquam</span> <span class='ocrx_word' id='word_1_15' title='bbox 825 422 1027 464; x_wconf 86' lang='lat' dir='ltr'>dubitare</span> <span class='ocrx_word' id='word_1_16' title='bbox 1058 423 1231 478; x_wconf 88' lang='lat' dir='ltr'>poterit.</span> 
     </span>
    </p>

    <p class='ocr_par' dir='ltr' id='par_1_4' title="bbox 150 492 1304 548">
     <span class='ocr_line' id='line_1_4' title="bbox 150 492 1304 548; baseline 0.002 -16"><span class='ocrx_word' id='word_1_17' title='bbox 150 492 316 533; x_wconf 83' lang='lat' dir='ltr'><strong>Rursus</strong></span> <span class='ocrx_word' id='word_1_18' title='bbox 349 492 542 548; x_wconf 89' lang='lat' dir='ltr'>qualibet</span> <span class='ocrx_word' id='word_1_19' title='bbox 574 494 616 534; x_wconf 87' lang='lat' dir='ltr'>in</span> <span class='ocrx_word' id='word_1_20' title='bbox 653 493 790 534; x_wconf 85' lang='lat' dir='ltr'>forma</span> <span class='ocrx_word' id='word_1_21' title='bbox 821 508 979 548; x_wconf 84' lang='lat' dir='ltr'>magna</span> <span class='ocrx_word' id='word_1_22' title='bbox 1013 495 1069 534; x_wconf 88' lang='lat' dir='ltr'>sit</span> <span class='ocrx_word' id='word_1_23' title='bbox 1101 494 1304 547; x_wconf 86' lang='lat' dir='ltr'>varietas,</span> 
     </span>
    </p>

    <p class='ocr_par' dir='ltr' id='par_1_5' title="bbox 152 561 1388 620">
     <span class='ocr_line' id='line_1_5' title="bbox 152 561 1388 620; baseline 0.002 -17"><span class='ocrx_word' id='word_1_24' title='bbox 152 561 198 603; x_wconf 84' lang='lat' dir='ltr'>Si</span> <span class='ocrx_word' id='word_1_25' title='bbox 230 578 316 604; x_wconf 76' lang='lat' dir='ltr'>vox</span> <span class='ocrx_word' id='word_1_26' title='bbox 350 564 555 619; x_wconf 85' lang='lat' dir='ltr'>quaelibet</span> <span class='ocrx_word' id='word_1_27' title='bbox 586 565 630 606; x_wconf 87' lang='lat' dir='ltr'>in</span> <span class='ocrx_word' id='word_1_28' title='bbox 663 571 793 605; x_wconf 85' lang='lat' dir='ltr'>cantu</span> <span class='ocrx_word' id='word_1_29' title='bbox 825 563 950 606; x_wconf 80' lang='lat' dir='ltr'>modo</span> <span class='ocrx_word' id='word_1_30' title='bbox 983 564 1171 620; x_wconf 81' lang='lat' dir='ltr'>simplex</span> <span class='ocrx_word' id='word_1_31' title='bbox 1202 571 1388 617; x_wconf 85' lang='lat' dir='ltr'>resonat,</span> 
     </span>
    </p>

    <p class='ocr_par' dir='ltr' id='par_1_6' title="bbox 150 634 1294 691">
     <span class='ocr_line' id='line_1_6' title="bbox 150 634 1294 691; baseline 0.003 -17"><span class='ocrx_word' id='word_1_32' title='bbox 150 634 279 675; x_wconf 84' lang='lat' dir='ltr'>Modo</span> <span class='ocrx_word' id='word_1_33' title='bbox 311 641 446 677; x_wconf 88' lang='lat' dir='ltr'>semet</span> <span class='ocrx_word' id='word_1_34' title='bbox 477 649 728 690; x_wconf 87' lang='lat' dir='ltr'>repercussa</span> <span class='ocrx_word' id='word_1_35' title='bbox 762 635 954 691; x_wconf 80' lang='lat' dir='ltr'>duplicat</span> <span class='ocrx_word' id='word_1_36' title='bbox 986 635 1055 677; x_wconf 88' lang='lat' dir='ltr'>vel</span> <span class='ocrx_word' id='word_1_37' title='bbox 1089 635 1294 691; x_wconf 80' lang='lat' dir='ltr'>triplicat,</span> 
     </span>
    </p>

    <p class='ocr_par' dir='ltr' id='par_1_7' title="bbox 153 705 1295 762">
     <span class='ocr_line' id='line_1_7' title="bbox 153 705 1295 762; baseline 0.002 -16"><span class='ocrx_word' id='word_1_38' title='bbox 153 706 289 747; x_wconf 83' lang='lat' dir='ltr'>Voces</span> <span class='ocrx_word' id='word_1_39' title='bbox 321 705 477 746; x_wconf 89' lang='lat' dir='ltr'>deinde</span> <span class='ocrx_word' id='word_1_40' title='bbox 509 706 657 746; x_wconf 86' lang='lat' dir='ltr'>affines</span> <span class='ocrx_word' id='word_1_41' title='bbox 691 721 796 761; x_wconf 88' lang='lat' dir='ltr'>quas</span> <span class='ocrx_word' id='word_1_42' title='bbox 830 706 1099 748; x_wconf 87' lang='lat' dir='ltr'>demonstrat</span> <span class='ocrx_word' id='word_1_43' title='bbox 1130 707 1295 762; x_wconf 75' lang='lat' dir='ltr'>regula,</span> 
     </span>
    </p>

    <p class='ocr_par' dir='ltr' id='par_1_8' title="bbox 152 776 1304 832">
     <span class='ocr_line' id='line_1_8' title="bbox 152 776 1304 832; baseline 0.001 -15"><span class='ocrx_word' id='word_1_44' title='bbox 152 776 320 817; x_wconf 84' lang='lat' dir='ltr'>Harum</span> <span class='ocrx_word' id='word_1_45' title='bbox 352 777 710 817; x_wconf 74' lang='lat' dir='ltr'>constitutionum</span> <span class='ocrx_word' id='word_1_46' title='bbox 743 791 828 817; x_wconf 90' lang='lat' dir='ltr'>non</span> <span class='ocrx_word' id='word_1_47' title='bbox 862 778 1029 832; x_wconf 86' lang='lat' dir='ltr'>spernit</span> <span class='ocrx_word' id='word_1_48' title='bbox 1059 778 1304 832; x_wconf 75' lang='lat' dir='ltr'>concordia,</span> 
     </span>
    </p>

    <p class='ocr_par' dir='ltr' id='par_1_9' title="bbox 155 846 1350 902">
     <span class='ocr_line' id='line_1_9' title="bbox 155 846 1350 902; baseline 0.003 -15"><span class='ocrx_word' id='word_1_49' title='bbox 155 846 272 898; x_wconf 80' lang='lat' dir='ltr'>Quin</span> <span class='ocrx_word' id='word_1_50' title='bbox 305 848 360 888; x_wconf 86' lang='lat' dir='ltr'>sit</span> <span class='ocrx_word' id='word_1_51' title='bbox 392 847 508 889; x_wconf 87' lang='lat' dir='ltr'>idem</span> <span class='ocrx_word' id='word_1_52' title='bbox 540 863 710 902; x_wconf 79' lang='lat' dir='ltr'>semper</span> <span class='ocrx_word' id='word_1_53' title='bbox 740 847 901 888; x_wconf 88' lang='lat' dir='ltr'>melum</span> <span class='ocrx_word' id='word_1_54' title='bbox 936 849 980 889; x_wconf 90' lang='lat' dir='ltr'>in</span> <span class='ocrx_word' id='word_1_55' title='bbox 1012 863 1098 889; x_wconf 86' lang='lat' dir='ltr'>una</span> <span class='ocrx_word' id='word_1_56' title='bbox 1130 851 1168 888; x_wconf 70' lang='grc' dir='ltr'>ὅ(</span> <span class='ocrx_word' id='word_1_57' title='bbox 1199 848 1350 890; x_wconf 86' lang='lat' dir='ltr'>altera.</span> 
     </span>
    </p>

    <p class='ocr_par' dir='ltr' id='par_1_10' title="bbox 152 918 1138 973">
     <span class='ocr_line' id='line_1_10' title="bbox 152 918 1138 973; baseline 0.002 -15"><span class='ocrx_word' id='word_1_58' title='bbox 152 918 257 958; x_wconf 84' lang='lat' dir='ltr'>Feci</span> <span class='ocrx_word' id='word_1_59' title='bbox 290 919 462 973; x_wconf 82' lang='lat' dir='ltr'>regulas</span> <span class='ocrx_word' id='word_1_60' title='bbox 493 925 679 973; x_wconf 79' lang='lat' dir='ltr'>apertas,</span> <span class='ocrx_word' id='word_1_61' title='bbox 713 923 751 960; x_wconf 61' lang='grc' dir='ltr'>ἃ</span> <span class='ocrx_word' id='word_1_62' title='bbox 783 918 1138 973; x_wconf 79' lang='lat' dir='ltr'>antiphonarium</span> 
     </span>
    </p>

    <p class='ocr_par' dir='ltr' id='par_1_11' title="bbox 151 989 1192 1045">
     <span class='ocr_line' id='line_1_11' title="bbox 151 989 1192 1045; baseline 0.002 -15"><span class='ocrx_word' id='word_1_63' title='bbox 151 989 428 1043; x_wconf 80' lang='lat' dir='ltr'>Regulariter</span> <span class='ocrx_word' id='word_1_64' title='bbox 460 989 701 1045; x_wconf 86' lang='lat' dir='ltr'>perfectum</span> <span class='ocrx_word' id='word_1_65' title='bbox 736 990 896 1031; x_wconf 84' lang='lat' dir='ltr'>contuli</span> <span class='ocrx_word' id='word_1_66' title='bbox 929 991 1192 1045; x_wconf 85' lang='lat' dir='ltr'>cantoribus,</span> 
     </span>
    </p>

    <p class='ocr_par' dir='ltr' id='par_1_12' title="bbox 150 1055 1365 1189">
     <span class='ocr_line' id='line_1_12' title="bbox 150 1055 1365 1118; baseline 0.002 -17"><span class='ocrx_word' id='word_1_67' title='bbox 150 1060 290 1112; x_wconf 79' lang='lat' dir='ltr'>Quale</span> <span class='ocrx_word' id='word_1_68' title='bbox 323 1076 559 1117; x_wconf 85' lang='lat' dir='ltr'>numquam</span> <span class='ocrx_word' id='word_1_69' title='bbox 592 1061 842 1102; x_wconf 88' lang='lat' dir='ltr'>habuerunt</span> <span class='ocrx_word' id='word_1_70' title='bbox 872 1061 1053 1117; x_wconf 90' lang='lat' dir='ltr'>reliquis</span> <span class='ocrx_word' id='word_1_71' title='bbox 1085 1055 1365 1118; x_wconf 82' lang='lat' dir='ltr'>temporibus.</span> 
     </span>
     <span class='ocr_line' id='line_1_13' title="bbox 210 1131 1353 1189; baseline 0.001 -16"><span class='ocrx_word' id='word_1_72' title='bbox 210 1132 369 1183; x_wconf 72' lang='lat' dir='ltr'>Precor</span> <span class='ocrx_word' id='word_1_73' title='bbox 400 1147 475 1173; x_wconf 87' lang='lat' dir='ltr'>vos</span> <span class='ocrx_word' id='word_1_74' title='bbox 506 1131 625 1173; x_wconf 86' lang='lat' dir='ltr'>beati</span> <span class='ocrx_word' id='word_1_75' title='bbox 655 1131 812 1173; x_wconf 86' lang='lat' dir='ltr'>fratres</span> <span class='ocrx_word' id='word_1_76' title='bbox 846 1146 921 1187; x_wconf 88' lang='lat' dir='ltr'>pro</span> <span class='ocrx_word' id='word_1_77' title='bbox 954 1134 1087 1174; x_wconf 82' lang='lat' dir='ltr'>tantis</span> <span class='ocrx_word' id='word_1_78' title='bbox 1118 1133 1353 1189; x_wconf 62' lang='lat' dir='ltr'>laboribus,</span> 
     </span>
    </p>

    <p class='ocr_par' dir='ltr' id='par_1_13' title="bbox 151 1203 1305 1260">
     <span class='ocr_line' id='line_1_14' title="bbox 151 1203 1305 1260; baseline 0 -14"><span class='ocrx_word' id='word_1_79' title='bbox 151 1205 236 1246; x_wconf 87' lang='lat' dir='ltr'>Pro</span> <span class='ocrx_word' id='word_1_80' title='bbox 269 1219 336 1245; x_wconf 90' lang='lat' dir='ltr'>me</span> <span class='ocrx_word' id='word_1_81' title='bbox 368 1205 522 1245; x_wconf 88' lang='lat' dir='ltr'>misero</span> <span class='ocrx_word' id='word_1_82' title='bbox 556 1203 773 1256; x_wconf 77' lang='lat' dir='ltr'>Guidone,</span> <span class='ocrx_word' id='word_1_83' title='bbox 806 1205 998 1259; x_wconf 85' lang='lat' dir='ltr'>meisque</span> <span class='ocrx_word' id='word_1_84' title='bbox 1029 1205 1305 1260; x_wconf 82' lang='lat' dir='ltr'>adjutoribus</span> 
     </span>
    </p>

    <p class='ocr_par' dir='ltr' id='par_1_14' title="bbox 151 1275 1184 1332">
     <span class='ocr_line' id='line_1_15' title="bbox 151 1275 1184 1332; baseline 0 -14"><span class='ocrx_word' id='word_1_85' title='bbox 151 1278 278 1318; x_wconf 87' lang='lat' dir='ltr'>Pium</span> <span class='ocrx_word' id='word_1_86' title='bbox 311 1277 454 1317; x_wconf 89' lang='lat' dir='ltr'>Deum</span> <span class='ocrx_word' id='word_1_87' title='bbox 488 1282 678 1328; x_wconf 81' lang='lat' dir='ltr'>exorate,</span> <span class='ocrx_word' id='word_1_88' title='bbox 712 1275 837 1316; x_wconf 90' lang='lat' dir='ltr'>nobis</span> <span class='ocrx_word' id='word_1_89' title='bbox 871 1277 927 1316; x_wconf 90' lang='lat' dir='ltr'>sit</span> <span class='ocrx_word' id='word_1_90' title='bbox 958 1277 1184 1332; x_wconf 82' lang='lat' dir='ltr'>propitius.</span> 
     </span>
    </p>

    <p class='ocr_par' dir='ltr' id='par_1_15' title="bbox 149 1348 1283 1405">
     <span class='ocr_line' id='line_1_16' title="bbox 149 1348 1283 1405; baseline 0.001 -14"><span class='ocrx_word' id='word_1_91' title='bbox 149 1349 307 1404; x_wconf 81' lang='lat' dir='ltr'>Operis</span> <span class='ocrx_word' id='word_1_92' title='bbox 339 1363 508 1404; x_wconf 89' lang='lat' dir='ltr'>quoque</span> <span class='ocrx_word' id='word_1_93' title='bbox 541 1349 796 1404; x_wconf 83' lang='lat' dir='ltr'>scriptorem</span> <span class='ocrx_word' id='word_1_94' title='bbox 827 1348 1034 1390; x_wconf 84' lang='lat' dir='ltr'>adiuvate</span> <span class='ocrx_word' id='word_1_95' title='bbox 1066 1349 1283 1405; x_wconf 88' lang='lat' dir='ltr'>precibus.</span> 
     </span>
    </p>

    <p class='ocr_par' dir='ltr' id='par_1_16' title="bbox 152 1420 1107 1476">
     <span class='ocr_line' id='line_1_17' title="bbox 152 1420 1107 1476; baseline -0.001 -13"><span class='ocrx_word' id='word_1_96' title='bbox 152 1422 237 1463; x_wconf 88' lang='lat' dir='ltr'>Pro</span> <span class='ocrx_word' id='word_1_97' title='bbox 270 1421 476 1476; x_wconf 85' lang='lat' dir='ltr'>magistro</span> <span class='ocrx_word' id='word_1_98' title='bbox 511 1425 702 1473; x_wconf 80' lang='lat' dir='ltr'>exorate,</span> <span class='ocrx_word' id='word_1_99' title='bbox 736 1420 858 1461; x_wconf 89' lang='lat' dir='ltr'>cuius</span> <span class='ocrx_word' id='word_1_100' title='bbox 892 1420 1107 1463; x_wconf 89' lang='lat' dir='ltr'>adiutorio</span> 
     </span>
    </p>

    <p class='ocr_par' dir='ltr' id='par_1_17' title="bbox 154 1491 1328 1546">
     <span class='ocr_line' id='line_1_18' title="bbox 154 1491 1328 1546; baseline 0 -12"><span class='ocrx_word' id='word_1_101' title='bbox 154 1493 321 1534; x_wconf 86' lang='lat' dir='ltr'>Auctor</span> <span class='ocrx_word' id='word_1_102' title='bbox 354 1491 521 1545; x_wconf 83' lang='lat' dir='ltr'>indiget</span> <span class='ocrx_word' id='word_1_103' title='bbox 554 1491 592 1529; x_wconf 84' lang='lat'>&amp;</span> <span class='ocrx_word' id='word_1_104' title='bbox 623 1491 821 1546; x_wconf 85' lang='lat' dir='ltr'>scriptor.</span> <span class='ocrx_word' id='word_1_105' title='bbox 854 1491 1005 1533; x_wconf 81' lang='lat' dir='ltr'>Gloria</span> <span class='ocrx_word' id='word_1_106' title='bbox 1038 1493 1094 1533; x_wconf 88' lang='lat' dir='ltr'>sit</span> <span class='ocrx_word' id='word_1_107' title='bbox 1127 1492 1328 1535; x_wconf 91' lang='lat' dir='ltr'>Domino.</span> 
     </span>
    </p>

    <p class='ocr_par' dir='ltr' id='par_1_18' title="bbox 795 1563 951 1605">
     <span class='ocr_line' id='line_1_19' title="bbox 795 1563 951 1605; baseline 0.013 -2"><span class='ocrx_word' id='word_1_108' title='bbox 795 1563 951 1605; x_wconf 84' lang='lat' dir='ltr'>Amen.</span> 
     </span>
    </p>
   </div>
   <div class='ocr_carea' id='block_1_3' title="bbox 153 1758 1504 2529">
    <p class='ocr_par' dir='ltr' id='par_1_19' title="bbox 153 1758 1446 2244">
     <span class='ocr_line' id='line_1_20' title="bbox 157 1758 1375 1816; baseline 0.003 -17"><span class='ocrx_word' id='word_1_109' title='bbox 157 1760 219 1812; x_wconf 84' lang='lat'>(1)</span> <span class='ocrx_word' id='word_1_110' title='bbox 253 1758 468 1800; x_wconf 88' lang='lat' dir='ltr'>Omnibus</span> <span class='ocrx_word' id='word_1_111' title='bbox 501 1774 600 1801; x_wconf 88' lang='lat' dir='ltr'>ecce</span> <span class='ocrx_word' id='word_1_112' title='bbox 633 1760 773 1801; x_wconf 89' lang='lat' dir='ltr'>modis</span> <span class='ocrx_word' id='word_1_113' title='bbox 807 1759 1026 1816; x_wconf 86' lang='lat' dir='ltr'>descripta</span> <span class='ocrx_word' id='word_1_114' title='bbox 1057 1761 1209 1803; x_wconf 92' lang='lat' dir='ltr'>relatio</span> <span class='ocrx_word' id='word_1_115' title='bbox 1243 1763 1375 1803; x_wconf 88' lang='lat' dir='ltr'>vocis.</span> 
     </span>
     <span class='ocr_line' id='line_1_21' title="bbox 153 1830 1418 1887; baseline 0.003 -16"><span class='ocrx_word' id='word_1_116' title='bbox 153 1830 234 1871; x_wconf 87' lang='lat' dir='ltr'>Est</span> <span class='ocrx_word' id='word_1_117' title='bbox 265 1837 392 1871; x_wconf 88' lang='lat' dir='ltr'>tonus</span> <span class='ocrx_word' id='word_1_118' title='bbox 425 1831 468 1871; x_wconf 87' lang='lat' dir='ltr'>in</span> <span class='ocrx_word' id='word_1_119' title='bbox 501 1831 693 1873; x_wconf 83' lang='lat' dir='ltr'>numeris</span> <span class='ocrx_word' id='word_1_120' title='bbox 725 1838 986 1887; x_wconf 87' lang='lat' dir='ltr'>superantur</span> <span class='ocrx_word' id='word_1_121' title='bbox 1016 1838 1066 1873; x_wconf 87' lang='lat' dir='ltr'>ut</span> <span class='ocrx_word' id='word_1_122' title='bbox 1098 1839 1193 1874; x_wconf 90' lang='lat' dir='ltr'>octo</span> <span class='ocrx_word' id='word_1_123' title='bbox 1225 1834 1418 1887; x_wconf 78' lang='lat' dir='ltr'>novenis,</span> 
     </span>
     <span class='ocr_line' id='line_1_22' title="bbox 154 1901 1266 1955; baseline 0.002 -12"><span class='ocrx_word' id='word_1_124' title='bbox 154 1901 414 1955; x_wconf 83' lang='lat' dir='ltr'>Semitonus,</span> <span class='ocrx_word' id='word_1_125' title='bbox 448 1903 571 1943; x_wconf 86' lang='lat' dir='ltr'>cuius</span> <span class='ocrx_word' id='word_1_126' title='bbox 605 1901 658 1943; x_wconf 91' lang='lat' dir='ltr'>de</span> <span class='ocrx_word' id='word_1_127' title='bbox 689 1904 1055 1944; x_wconf 85' lang='lat' dir='ltr'>nomine&#39;nomen</span> <span class='ocrx_word' id='word_1_128' title='bbox 1086 1903 1266 1945; x_wconf 86' lang='lat' dir='ltr'>ademit.</span> 
     </span>
     <span class='ocr_line' id='line_1_23' title="bbox 153 1973 1446 2030; baseline 0.002 -16"><span class='ocrx_word' id='word_1_129' title='bbox 153 1973 342 2014; x_wconf 88' lang='lat' dir='ltr'>Ditonus</span> <span class='ocrx_word' id='word_1_130' title='bbox 374 1978 504 2028; x_wconf 91' lang='lat' dir='ltr'>atque</span> <span class='ocrx_word' id='word_1_131' title='bbox 536 1973 680 2026; x_wconf 84' lang='lat' dir='ltr'>semis,</span> <span class='ocrx_word' id='word_1_132' title='bbox 719 1973 988 2015; x_wconf 87' lang='lat' dir='ltr'>diatessaron</span> <span class='ocrx_word' id='word_1_133' title='bbox 1021 1988 1145 2016; x_wconf 91' lang='lat' dir='ltr'>omne</span> <span class='ocrx_word' id='word_1_134' title='bbox 1178 1974 1344 2016; x_wconf 88' lang='lat' dir='ltr'>tenebit</span> <span class='ocrx_word' id='word_1_135' title='bbox 1368 1976 1446 2030; x_wconf 73' lang='lat'>(2).</span> 
     </span>
     <span class='ocr_line' id='line_1_24' title="bbox 156 2043 1365 2101; baseline 0.003 -17"><span class='ocrx_word' id='word_1_136' title='bbox 156 2045 218 2098; x_wconf 77' lang='lat'>(3)</span> <span class='ocrx_word' id='word_1_137' title='bbox 243 2043 382 2099; x_wconf 87' lang='lat' dir='ltr'>quue</span> <span class='ocrx_word' id='word_1_138' title='bbox 415 2043 520 2086; x_wconf 90' lang='lat' dir='ltr'>facit</span> <span class='ocrx_word' id='word_1_139' title='bbox 551 2050 701 2085; x_wconf 90' lang='lat' dir='ltr'>notum</span> <span class='ocrx_word' id='word_1_140' title='bbox 733 2045 897 2100; x_wconf 89' lang='lat' dir='ltr'>quadro</span> <span class='ocrx_word' id='word_1_141' title='bbox 930 2045 1181 2090; x_wconf 86' lang='lat' dir='ltr'>discrimine</span> <span class='ocrx_word' id='word_1_142' title='bbox 1213 2052 1365 2101; x_wconf 87' lang='lat' dir='ltr'>totum,</span> 
     </span>
     <span class='ocr_line' id='line_1_25' title="bbox 154 2114 1379 2172; baseline 0.002 -16"><span class='ocrx_word' id='word_1_143' title='bbox 154 2114 235 2157; x_wconf 86' lang='lat' dir='ltr'>Cui</span> <span class='ocrx_word' id='word_1_144' title='bbox 268 2114 513 2171; x_wconf 89' lang='lat' dir='ltr'>superadde</span> <span class='ocrx_word' id='word_1_145' title='bbox 547 2121 709 2170; x_wconf 84' lang='lat' dir='ltr'>tonum,</span> <span class='ocrx_word' id='word_1_146' title='bbox 744 2115 894 2157; x_wconf 88' lang='lat' dir='ltr'>videas</span> <span class='ocrx_word' id='word_1_147' title='bbox 927 2116 1131 2172; x_wconf 86' lang='lat' dir='ltr'>diapente</span> <span class='ocrx_word' id='word_1_148' title='bbox 1163 2132 1379 2160; x_wconf 87' lang='lat' dir='ltr'>sonorum.</span> 
     </span>
     <span class='ocr_line' id='line_1_26' title="bbox 153 2185 1296 2244; baseline 0.002 -16"><span class='ocrx_word' id='word_1_149' title='bbox 153 2186 299 2242; x_wconf 92' lang='lat' dir='ltr'>Atque</span> <span class='ocrx_word' id='word_1_150' title='bbox 331 2185 471 2227; x_wconf 84' lang='lat' dir='ltr'>tribus</span> <span class='ocrx_word' id='word_1_151' title='bbox 503 2186 652 2239; x_wconf 80' lang='lat' dir='ltr'>fissum</span> <span class='ocrx_word' id='word_1_152' title='bbox 684 2193 835 2228; x_wconf 88' lang='lat' dir='ltr'>tonum</span> <span class='ocrx_word' id='word_1_153' title='bbox 865 2187 1061 2243; x_wconf 84' lang='lat' dir='ltr'>signabit</span> <span class='ocrx_word' id='word_1_154' title='bbox 1092 2189 1296 2244; x_wconf 84' lang='lat' dir='ltr'>idipsum,</span> 
     </span>
    </p>

    <p class='ocr_par' dir='ltr' id='par_1_20' title="bbox 154 2257 1504 2529">
     <span class='ocr_line' id='line_1_27' title="bbox 154 2257 1286 2316; baseline 0.002 -17"><span class='ocrx_word' id='word_1_155' title='bbox 154 2258 207 2299; x_wconf 90' lang='lat' dir='ltr'>In</span> <span class='ocrx_word' id='word_1_156' title='bbox 238 2258 381 2299; x_wconf 88' lang='lat' dir='ltr'>medio</span> <span class='ocrx_word' id='word_1_157' title='bbox 414 2273 594 2300; x_wconf 71' lang='lat' dir='ltr'>summae</span> <span class='ocrx_word' id='word_1_158' title='bbox 627 2257 838 2315; x_wconf 87' lang='lat' dir='ltr'>diapason</span> <span class='ocrx_word' id='word_1_159' title='bbox 871 2260 1008 2300; x_wconf 89' lang='lat' dir='ltr'>nectit</span> <span class='ocrx_word' id='word_1_160' title='bbox 1040 2265 1286 2316; x_wconf 88' lang='lat' dir='ltr'>utrumque.</span> 
     </span>
     <span class='ocr_line' id='line_1_28' title="bbox 155 2329 1504 2386; baseline 0.004 -17"><span class='ocrx_word' id='word_1_161' title='bbox 155 2329 353 2384; x_wconf 86' lang='lat' dir='ltr'>Namque</span> <span class='ocrx_word' id='word_1_162' title='bbox 386 2343 538 2370; x_wconf 90' lang='lat' dir='ltr'>sonum</span> <span class='ocrx_word' id='word_1_163' title='bbox 569 2329 790 2386; x_wconf 86' lang='lat' dir='ltr'>duplicem</span> <span class='ocrx_word' id='word_1_164' title='bbox 822 2330 976 2386; x_wconf 88' lang='lat' dir='ltr'>simplo</span> <span class='ocrx_word' id='word_1_165' title='bbox 1010 2330 1086 2371; x_wconf 91' lang='lat' dir='ltr'>sed</span> <span class='ocrx_word' id='word_1_166' title='bbox 1117 2330 1260 2372; x_wconf 86' lang='lat' dir='ltr'>reddit</span> <span class='ocrx_word' id='word_1_167' title='bbox 1292 2332 1504 2374; x_wconf 90' lang='lat' dir='ltr'>eumdem.</span> 
     </span>
     <span class='ocr_line' id='line_1_29' title="bbox 154 2400 1229 2457; baseline 0.003 -16"><span class='ocrx_word' id='word_1_168' title='bbox 154 2400 283 2442; x_wconf 90' lang='lat' dir='ltr'>Adde</span> <span class='ocrx_word' id='word_1_169' title='bbox 314 2400 476 2456; x_wconf 83' lang='lat' dir='ltr'>duplex</span> <span class='ocrx_word' id='word_1_170' title='bbox 501 2407 631 2443; x_wconf 84' lang='lat' dir='ltr'>&#39;senos</span> <span class='ocrx_word' id='word_1_171' title='bbox 663 2401 812 2443; x_wconf 89' lang='lat' dir='ltr'>videas</span> <span class='ocrx_word' id='word_1_172' title='bbox 845 2408 972 2443; x_wconf 89' lang='lat' dir='ltr'>notus</span> <span class='ocrx_word' id='word_1_173' title='bbox 1005 2402 1229 2457; x_wconf 80' lang='lat' dir='ltr'>diatriton,</span> 
     </span>
     <span class='ocr_line' id='line_1_30' title="bbox 155 2471 1304 2529; baseline 0.003 -16"><span class='ocrx_word' id='word_1_174' title='bbox 155 2471 344 2513; x_wconf 90' lang='lat' dir='ltr'>Ditonus</span> <span class='ocrx_word' id='word_1_175' title='bbox 375 2471 413 2510; x_wconf 85' lang='lat'>&amp;</span> <span class='ocrx_word' id='word_1_176' title='bbox 445 2473 586 2526; x_wconf 86' lang='lat' dir='ltr'>semis,</span> <span class='ocrx_word' id='word_1_177' title='bbox 619 2474 722 2529; x_wconf 89' lang='lat' dir='ltr'>quia</span> <span class='ocrx_word' id='word_1_178' title='bbox 755 2472 927 2514; x_wconf 89' lang='lat' dir='ltr'>ditonus</span> <span class='ocrx_word' id='word_1_179' title='bbox 960 2473 1071 2515; x_wconf 87' lang='lat' dir='ltr'>alter</span> <span class='ocrx_word' id='word_1_180' title='bbox 1103 2473 1304 2516; x_wconf 85' lang='lat' dir='ltr'>habetur.</span> 
     </span>
    </p>
   </div>
   <div class='ocr_carea' id='block_1_4' title="bbox 94 2569 307 2576">
    <p class='ocr_par' dir='ltr' id='par_1_21' title="bbox 94 2569 307 2576">
     <span class='ocr_line' id='line_1_31' title="bbox 94 2569 307 2576; baseline 0 574"><span class='ocrx_word' id='word_1_181' title='bbox 94 2569 307 2576; x_wconf 95' lang='lat' dir='ltr'> </span> 
     </span>
    </p>
   </div>
   <div class='ocr_carea' id='block_1_5' title="bbox 309 2573 450 2576">
    <p class='ocr_par' dir='ltr' id='par_1_22' title="bbox 309 2573 450 2576">
     <span class='ocr_line' id='line_1_32' title="bbox 309 2573 450 2576; baseline 0 0"><span class='ocrx_word' id='word_1_182' title='bbox 309 2573 450 2576; x_wconf 95' lang='lat' dir='ltr'> </span> 
     </span>
    </p>
   </div>
   <div class='ocr_carea' id='block_1_6' title="bbox 94 2627 1655 2977">
    <p class='ocr_par' dir='ltr' id='par_1_23' title="bbox 94 2627 1655 2843">
     <span class='ocr_line' id='line_1_33' title="bbox 146 2627 1651 2676; baseline 0.003 -14"><span class='ocrx_word' id='word_1_183' title='bbox 146 2629 201 2676; x_wconf 84' lang='lat'>(1)</span> <span class='ocrx_word' id='word_1_184' title='bbox 226 2627 297 2664; x_wconf 90' lang='lat' dir='ltr'>Nei</span> <span class='ocrx_word' id='word_1_185' title='bbox 323 2629 449 2665; x_wconf 82' lang='lat' dir='ltr'>Codiei</span> <span class='ocrx_word' id='word_1_186' title='bbox 474 2628 645 2675; x_wconf 84' lang='lat' dir='ltr'>Parigini</span> <span class='ocrx_word' id='word_1_187' title='bbox 673 2629 692 2664; x_wconf 79' lang='lat' dir='ltr'>e</span> <span class='ocrx_word' id='word_1_188' title='bbox 719 2633 893 2675; x_wconf 84' lang='lat' dir='ltr'>separato</span> <span class='ocrx_word' id='word_1_189' title='bbox 919 2630 976 2665; x_wconf 87' lang='lat' dir='ltr'>eol</span> <span class='ocrx_word' id='word_1_190' title='bbox 1002 2629 1131 2666; x_wconf 86' lang='lat' dir='ltr'>titolo:</span> <span class='ocrx_word' id='word_1_191' title='bbox 1160 2631 1201 2665; x_wconf 82' lang='lat' dir='ltr'>de</span> <span class='ocrx_word' id='word_1_192' title='bbox 1231 2642 1296 2666; x_wconf 63' lang='lat' dir='ltr'>sm*</span> <span class='ocrx_word' id='word_1_193' title='bbox 1327 2632 1490 2666; x_wconf 70' lang='lat' dir='ltr'>Motibus</span> <span class='ocrx_word' id='word_1_194' title='bbox 1528 2642 1651 2667; x_wconf 74' lang='lat' dir='ltr'>vocum</span> 
     </span>
     <span class='ocr_line' id='line_1_34' title="bbox 94 2689 1653 2735; baseline 0 -12"><span class='ocrx_word' id='word_1_195' title='bbox 94 2700 122 2723; x_wconf 80' lang='lat' dir='ltr'>a</span> <span class='ocrx_word' id='word_1_196' title='bbox 147 2699 184 2723; x_wconf 85' lang='lat' dir='ltr'>se</span> <span class='ocrx_word' id='word_1_197' title='bbox 208 2689 362 2724; x_wconf 73' lang='lat' dir='ltr'>¹invicem</span> <span class='ocrx_word' id='word_1_198' title='bbox 387 2692 422 2723; x_wconf 78' lang='lat' dir='ltr'>et</span> <span class='ocrx_word' id='word_1_199' title='bbox 452 2689 640 2733; x_wconf 77' lang='lat' dir='ltr'>divisione,</span> <span class='ocrx_word' id='word_1_200' title='bbox 669 2693 704 2724; x_wconf 77' lang='lat' dir='ltr'>et</span> <span class='ocrx_word' id='word_1_201' title='bbox 735 2690 776 2724; x_wconf 79' lang='lat' dir='ltr'>de</span> <span class='ocrx_word' id='word_1_202' title='bbox 806 2700 980 2725; x_wconf 74' lang='lat' dir='ltr'>‘mensura</span> <span class='ocrx_word' id='word_1_203' title='bbox 1011 2701 1148 2725; x_wconf 79' lang='lat' dir='ltr'>earum.</span> <span class='ocrx_word' id='word_1_204' title='bbox 1182 2690 1212 2724; x_wconf 91' lang='lat' dir='ltr'>E</span> <span class='ocrx_word' id='word_1_205' title='bbox 1244 2690 1321 2724; x_wconf 83' lang='lat' dir='ltr'>cosi</span> <span class='ocrx_word' id='word_1_206' title='bbox 1351 2690 1385 2724; x_wconf 90' lang='lat' dir='ltr'>lo</span> <span class='ocrx_word' id='word_1_207' title='bbox 1417 2689 1597 2735; x_wconf 83' lang='lat' dir='ltr'>pubblica</span> <span class='ocrx_word' id='word_1_208' title='bbox 1627 2689 1653 2724; x_wconf 90' lang='lat' dir='ltr'>il</span> 
     </span>
     <span class='ocr_line' id='line_1_35' title="bbox 96 2747 1655 2790; baseline -0.001 -6"><span class='ocrx_word' id='word_1_209' title='bbox 96 2747 367 2784; x_wconf 81' lang='lat' dir='ltr'>Coussemaker</span> <span class='ocrx_word' id='word_1_210' title='bbox 393 2747 430 2782; x_wconf 88' lang='lat' dir='ltr'>di</span> <span class='ocrx_word' id='word_1_211' title='bbox 455 2747 524 2783; x_wconf 89' lang='lat' dir='ltr'>soli</span> <span class='ocrx_word' id='word_1_212' title='bbox 550 2748 593 2783; x_wconf 84' lang='lat'>37</span> <span class='ocrx_word' id='word_1_213' title='bbox 623 2747 732 2790; x_wconf 83' lang='lat' dir='ltr'>versi,</span> <span class='ocrx_word' id='word_1_214' title='bbox 758 2753 904 2784; x_wconf 88' lang='lat' dir='ltr'>mentre</span> <span class='ocrx_word' id='word_1_215' title='bbox 931 2748 994 2783; x_wconf 90' lang='lat' dir='ltr'>nel</span> <span class='ocrx_word' id='word_1_216' title='bbox 1022 2748 1213 2790; x_wconf 79' lang='lat' dir='ltr'>Gerberto,</span> <span class='ocrx_word' id='word_1_217' title='bbox 1240 2760 1259 2784; x_wconf 87' lang='lat' dir='ltr'>e</span> <span class='ocrx_word' id='word_1_218' title='bbox 1289 2749 1350 2783; x_wconf 87' lang='lat' dir='ltr'>nei</span> <span class='ocrx_word' id='word_1_219' title='bbox 1382 2748 1486 2784; x_wconf 86' lang='lat' dir='ltr'>codd.</span> <span class='ocrx_word' id='word_1_220' title='bbox 1522 2749 1570 2783; x_wconf 87' lang='lat' dir='ltr'>da</span> <span class='ocrx_word' id='word_1_221' title='bbox 1605 2748 1655 2783; x_wconf 89' lang='lat' dir='ltr'>lui</span> 
     </span>
     <span class='ocr_line' id='line_1_36' title="bbox 98 2805 516 2843; baseline 0.002 -1"><span class='ocrx_word' id='word_1_222' title='bbox 98 2805 323 2842; x_wconf 79' lang='lat' dir='ltr'>riscontrati</span> <span class='ocrx_word' id='word_1_223' title='bbox 349 2807 369 2842; x_wconf 76' lang='grc' dir='ltr'>ὁ</span> <span class='ocrx_word' id='word_1_224' title='bbox 394 2807 431 2842; x_wconf 89' lang='lat' dir='ltr'>di</span> <span class='ocrx_word' id='word_1_225' title='bbox 457 2808 516 2843; x_wconf 84' lang='lat'>38.</span> 
     </span>
    </p>

    <p class='ocr_par' dir='ltr' id='par_1_24' title="bbox 149 2866 1437 2912">
     <span class='ocr_line' id='line_1_37' title="bbox 149 2866 1437 2912; baseline 0.002 -12"><span class='ocrx_word' id='word_1_226' title='bbox 149 2867 205 2912; x_wconf 83' lang='lat'>(2)</span> <span class='ocrx_word' id='word_1_227' title='bbox 234 2867 505 2903; x_wconf 84' lang='lat' dir='ltr'>Coussemaker</span> <span class='ocrx_word' id='word_1_228' title='bbox 530 2867 580 2902; x_wconf 86' lang='lat' dir='ltr'>ha</span> <span class='ocrx_word' id='word_1_229' title='bbox 604 2868 831 2912; x_wconf 70' lang='lat' dir='ltr'>retinebunt5</span> <span class='ocrx_word' id='word_1_230' title='bbox 856 2867 869 2902; x_wconf 89' lang='lat' dir='ltr'>i</span> <span class='ocrx_word' id='word_1_231' title='bbox 895 2867 1015 2903; x_wconf 86' lang='lat' dir='ltr'>codici</span> <span class='ocrx_word' id='word_1_232' title='bbox 1041 2866 1230 2903; x_wconf 83' lang='lat' dir='ltr'>florentini</span> <span class='ocrx_word' id='word_1_233' title='bbox 1257 2868 1437 2903; x_wconf 70' lang='lat' dir='ltr'>tenebunt.</span> 
     </span>
    </p>

    <p class='ocr_par' dir='ltr' id='par_1_25' title="bbox 148 2926 1207 2977">
     <span class='ocr_line' id='line_1_38' title="bbox 148 2926 1207 2977; baseline 0.001 -16"><span class='ocrx_word' id='word_1_234' title='bbox 148 2928 204 2974; x_wconf 83' lang='lat'>(3)</span> <span class='ocrx_word' id='word_1_235' title='bbox 229 2928 262 2963; x_wconf 88' lang='lat'>11</span> <span class='ocrx_word' id='word_1_236' title='bbox 287 2927 378 2964; x_wconf 87' lang='lat' dir='ltr'>Cod.</span> <span class='ocrx_word' id='word_1_237' title='bbox 403 2926 523 2975; x_wconf 84' lang='lat' dir='ltr'>parig.</span> <span class='ocrx_word' id='word_1_238' title='bbox 545 2928 644 2963; x_wconf 75' lang='lat'>‘7461</span> <span class='ocrx_word' id='word_1_239' title='bbox 672 2928 722 2963; x_wconf 87' lang='lat' dir='ltr'>ha</span> <span class='ocrx_word' id='word_1_240' title='bbox 750 2929 884 2974; x_wconf 78' lang='lat' dir='ltr'>Itaque</span> <span class='ocrx_word' id='word_1_241' title='bbox 908 2929 952 2971; x_wconf 79' lang='lat' dir='ltr'>fit</span> <span class='ocrx_word' id='word_1_242' title='bbox 975 2931 1100 2963; x_wconf 74' lang='lat' dir='ltr'>notum</span> <span class='ocrx_word' id='word_1_243' title='bbox 1124 2939 1207 2977; x_wconf 80' lang='lat' dir='ltr'>ecc.¹</span> 
     </span>
    </p>
   </div>
  </div>
 </body>
</html>
