1996 3150
681 153 830 188 ‹iUlDO
858 154 1068 188 ARETINO
1596 155 1664 188 469

83 249 204 298 signis
233 260 295 286 eos
325 248 493 297 perfecte
523 249 740 288 discernere
769 251 958 299 possimus
987 263 1248 300 proponamus
1270 253 1310 289 et
1329 252 1397 289 hec
1426 251 1564 289 melius
1595 264 1663 301 per

83 312 348 351 distinctiones
369 315 407 350 et
426 325 564 351 vocum
584 313 874 364 longitudinem
894 315 1148 353 ostendimus,
1172 315 1362 354 Dueterus
1389 319 1575 353 autentus
1605 315 1662 352 di-

85 378 310 417 stinctiones
338 378 464 416 mittit
492 380 531 417 in
560 380 767 428 septimam
796 392 930 418 vocem
959 381 1030 418 hoc
1061 382 1119 418 est
1149 383 1178 417 G
1206 383 1245 418 et
1276 380 1314 417 in
1344 380 1550 418 secundam
1572 393 1663 418 acu·

84 449 167 485 tam
191 459 266 496 que
294 449 353 484 est
380 449 424 492 ἧς
454 448 493 484 et
523 458 595 483 vox
626 448 739 484 acuta
766 447 892 495 prima
922 459 996 495 que
1027 449 1084 484 est
1114 459 1140 485 a
1169 460 1320 496 semper
1349 447 1465 485 habet
1494 448 1665 497 longam,

86 513 161 550 nisi
181 525 271 550 cum
290 510 314 553 ἢ
333 512 540 550 secundam
561 513 765 549 acutarum
786 511 1046 549 distinctionis
1067 512 1258 561 acceperit
1277 512 1483 550 ascendens
1504 512 1550 550 ab
1572 514 1661 550 imo.

86 578 140 615 At
167 578 275 628 plagi
302 577 388 615 triti
416 577 523 615 finali
550 589 643 615 voce
672 576 753 614 fere
772 588 902 615 omnes
933 576 1198 615 distinctiones
1228 578 1362 621 mittit,
1392 578 1596 627 rariusque
1625 579 1663 615 in

86 643 201 682 tertia
229 656 346 693 super
374 655 435 689 se;
464 642 536 680 sub
566 654 605 680 se
634 643 765 680 autem
807 643 916 679 tanto
957 641 1198 691 frequentius
1247 645 1393 691 quanto
1425 647 1463 681 et
1491 643 1664 681 liberius.

85 709 192 747 Tono
221 721 312 748 vero
340 721 555 758 numquam
585 721 700 757 super
729 720 768 745 se
796 707 1060 746 distinotionis
1088 707 1258 746 habebit.
1288 708 1420 758 Plagis
1451 711 1580 747 autem
1609 711 1667 746 te-

86 774 211 812 trardi
239 773 505 812 distinctiones
533 774 627 812 facit
655 785 774 823 supra
794 774 834 811 et
852 784 969 821 super
988 784 1098 810 suam
1120 773 1272 810 finalem
1294 786 1424 811 vocem
1445 776 1536 811 tono
1563 774 1669 822 quod

89 839 156 878 alii
183 840 340 889 penitus
375 841 518 878 carent.
551 839 633 877 Hec
673 839 793 877 habet
835 837 1042 876 secundam
1086 850 1221 875 vocem
1252 838 1289 875 id
1319 842 1376 876 est
1405 843 1440 885 bs,
1470 851 1594 888 usquc
1629 840 1668 876 in

88 908 209 943 semet
236 906 407 956 longam,
438 906 511 943 nisi
531 918 621 944 cum
640 905 755 954 plage
774 904 862 942 triti
881 903 1117 942 admiscetur
1135 906 1171 941 et
1192 904 1262 941 hoc
1283 904 1397 942 modo
1421 904 1492 941 nisi
1513 905 1552 942 in
1583 917 1671 954 pro·

86 971 294 1009 lixionibus
324 971 446 1009 melis.
475 971 580 1021 Ergo
618 970 770 1009 deuteri
812 970 964 1008 autenti
1006 968 1275 1007 distinctiones
1318 970 1458 1018 quibus
1501 972 1670 1019 supremi

87 1035 223 1074 affines
251 1036 414 1075 mandat
442 1039 535 1074 sunt
563 1036 630 1074 hii.
661 1035 870 1074 Tetrardus
900 1035 941 1072 in
972 1037 1013 1081 G,
1031 1034 1216 1072 deuterus
1246 1035 1428 1084 ignobilis
1450 1035 1489 1072 in
1518 1037 1555 1081 ὲ,
1587 1036 1672 1073 aliis

88 1101 270 1140 affinibus
290 1102 480 1152 supremis
499 1114 576 1139 non
597 1101 894 1140 meminiscitur.
916 1100 1049 1150 Plagis
1070 1102 1201 1138 aut-em
1221 1100 1308 1137 triti
1326 1100 1522 1137 rarissime
1550 1113 1672 1149 usque

88 1167 202 1206 tertie
230 1180 347 1218 super
374 1180 413 1206 se
441 1167 677 1206 transmittit
705 1167 775 1205 sub
806 1166 976 1213 uberius,
1008 1167 1116 1204 alias
1146 1165 1321 1215 proximo
1352 1167 1456 1203 tono.
1479 1165 1586 1203 Inter
1605 1167 1674 1203 hos

90 1235 219 1271 autem
250 1235 289 1271 et
316 1233 512 1271 tetrardus
542 1234 719 1283 proprias
754 1231 871 1269 habet
899 1231 1180 1277 distinctiones,
1209 1231 1248 1269 id
1279 1233 1347 1278 est,
1377 1231 1448 1269 sub
1478 1243 1516 1269 se
1546 1232 1673 1280 proxi-

90 1299 253 1336 miorem
281 1299 433 1346 tritum,
464 1311 581 1348 super
609 1299 837 1336 viciniorem
867 1300 1026 1347 protum
1056 1298 1093 1335 in
1125 1297 1267 1346 quibus
1294 1297 1392 1335 bene
1412 1296 1672 1346 distinguitur

91 1364 140 1402 ab
169 1364 256 1402 aliis
285 1365 422 1403 modis.

280 1449 380 1487 Hinc
409 1449 536 1499 plagis
564 1449 754 1498 sequitur,
785 1451 968 1497 certoque
996 1448 1069 1486 fine
1099 1449 1256 1486 tenetur

278 1515 429 1552 Nomen
459 1514 602 1552 habens
631 1514 829 1564 proprium
859 1516 952 1552 tono
982 1514 1028 1552 de
1056 1514 1222 1551 termine
1251 1526 1400 1552 vocum.

280 1580 459 1630 Namque
488 1580 555 1619 alii
583 1580 651 1629 qui
677 1580 734 1618 ibi
761 1581 854 1619 sunt
882 1580 1012 1629 quarti
1041 1579 1247 1628 quintique
1277 1580 1394 1617 locati

277 1646 389 1684 Unde
419 1647 543 1696 magis
572 1647 720 1685 melum
749 1647 866 1685 datur
893 1645 1082 1684 variabile
1109 1646 1150 1682 in
1179 1647 1292 1695 ipsos.

284 1712 444 1750 Nescius
474 1715 534 1751 ast
561 1713 703 1751 horum
731 1712 857 1754 fertur
885 1712 1129 1750 strictissime
1158 1713 1297 1757 rectus,

283 1776 453 1816 Octavus
481 1777 640 1827 ponitur
670 1778 874 1827 subsuper‚
905 1777 1045 1826 hicque
1073 1779 1234 1815 vocatur

282 1843 335 1881 Ut
369 1856 508 1882 nomen
538 1844 622 1881 loca
650 1843 703 1881 sic
732 1845 862 1881 mutat
892 1856 958 1892 per
989 1843 1147 1880 climata
1176 1856 1401 1892 numquam.

230 2444 363 2483 Gloria
539 2447 759 2485 seculorum
896 2460 1008 2485 amen
1253 2445 1422 2495 Spiritus
1524 2448 1677 2482 sanctus

99 2529 219 2567 Soror
246 2542 332 2567 mea
360 2529 492 2568 Lucia.
915 2531 1039 2569 Beata
1067 2530 1212 2581 Agnes.

102 2594 282 2632 Pastores
310 2595 439 2634 dieite.
916 2597 1110 2635 Dixerunt
1137 2596 1259 2645 impii.

150 2671 250 2709 Item
279 2670 466 2710 dissimile
495 2673 734 2723 principium
763 2672 896 2711 eadem
925 2673 1136 2711 distantia:

99 2753 208 2792 Dixit
236 2754 427 2793 Dominus
456 2756 623 2795 mulieri.
1123 2755 1231 2794 Dixit
1260 2756 1361 2794 Deus
1390 2755 1438 2793 ad
1470 2754 1677 2792 Adamum.

155 2830 335 2880 Itemque
365 2831 552 2871 dissimile
582 2834 792 2872 ambobus:
