2012 3182
356 148 424 182 436
962 148 1111 183 GUIDO
1142 149 1351 184 ARETINO

359 244 528 282 Tradent
556 244 657 281 enim
687 245 832 293 gentes.
1176 245 1320 283 Euntes
1349 247 1387 283 in
1417 247 1615 286 mundum.

357 307 454 345 Cum
483 308 705 346 immundus
733 309 904 358 spiritus.
1170 310 1234 348 Illi
1263 312 1395 348 autem
1425 311 1599 360 profecti.

356 376 480 411 Amen
509 374 593 412 dieo
621 375 745 413 vobis.
1173 376 1361 425 Loquere,
1391 377 1565 420 Domine.

356 439 400 477 In
430 440 488 477 his
515 442 649 479 autem
677 442 878 479 transiens.
1174 441 1353 490 Obsecro,
1382 443 1558 481 Domine.

355 507 517 556 Accepit
542 509 670 546 autem
699 507 825 546 Jesus.
1169 508 1368 546 <Iohannes
1397 511 1435 547 et
1463 509 1621 548 Paulus.

354 572 410 610 De
438 573 608 623 quinque
636 574 814 623 panibus.
1170 574 1250 625 Ego
1282 576 1382 613 enim
1409 576 1493 625 jam
1523 576 1680 613 delibor.

355 638 455 684 Quid
483 640 634 678 molesti
662 641 763 679 estis.
1167 640 1263 679 Cum
1294 642 1463 680 audisset
1493 642 1581 680 Job.

354 703 588 744 cenantibus
616 709 759 744 autem.
1166 707 1218 744 Hi
1245 709 1335 745 sunt
1364 707 1448 745 viri.

353 771 415 809 Ab
445 772 748 822 insurgentibus,
1173 773 1276 811 Unus
1306 786 1350 811 ex
1380 773 1538 812 duobus.

353 838 423 876 Ait
453 838 550 876 latro
579 838 626 876 ad
654 838 858 876 latronem.
1170 839 1339 877 Tradent
1366 840 1478 877 enim.

352 903 568 942 Ourrebant
596 904 673 943 duo
702 903 832 942 simul.
1166 904 1317 953 Quique
1347 905 1554 943 ministrat.

352 969 441 1008 Non
468 983 538 1021 ego
567 971 710 1009 abiero.
1166 971 1277 1020 Euge
1305 983 1412 1010 serve
1441 971 1551 1010 bone.

1118 1150 1153 1188 II

348 1286 428 1338 ὴὲ»
467 1295 488 1313 -
492 1271 630 1300 *****
750 1269 774 1320 'l
916 1270 947 1289 ’ἢ
1082 1271 1131 1289 ·-
1365 1294 1388 1313 -
1529 1271 1553 1289 ·
1836 1278 1930 1312 ·—:

540 1384 669 1423 Gloria
1031 1385 1253 1422 seculorum
1604 1397 1725 1422 amen.

535 1612 669 1651 Canite
832 1613 940 1651 tuba.
1267 1615 1351 1651 Ave
1647 1613 1782 1651 Maria.

348 1715 475 1754 Homo
505 1716 662 1765 quidam
690 1718 784 1754 erat.
1164 1716 1259 1753 Cum
1289 1718 1388 1754 esset
1416 1728 1591 1754 summus
1622 1715 1808 1764 pontifex.

348 1782 510 1820 Factum
540 1785 598 1820 est
626 1784 771 1820 autem.
1162 1782 1305 1820 Tecum
1335 1783 1583 1832 principium.

345 1848 540 1886 Johannes
569 1849 786 1886 vocabitur.
1166 1848 1300 1886 Simile
1330 1852 1386 1887 est
1414 1860 1588 1899 regnum.

347 1913 485 1952 Saulus
514 1914 653 1952 adhuc.
1165 1914 1346 1952 Traditor
1375 1917 1518 1953 autem.

347 1979 480 2018 Puelle
509 1980 681 2018 saltantI.
1165 1980 1215 2018 Et
1244 1984 1457 2030 posuerunt
1486 1994 1615 2031 super.

346 2046 543 2086 Nativitas
572 2050 652 2085 tua.
811 2047 814 2050 ’
1165 2047 1226 2085 Ad
1255 2048 1419 2086 Mariam
1448 2062 1552 2087 vero.

346 2111 508 2150 Sanctus
536 2112 759 2162 Dionysius.
1164 2111 1232 2150 Isti
1263 2116 1356 2151 sunt
1384 2114 1508 2152 sancti
1535 2113 1604 2162 qui
1634 2113 1734 2163 passi
1763 2116 1864 2151 sunt.

345 2177 507 2224 Dedisti,
538 2178 655 2224 Deus,
684 2177 978 2216 habitationem.
1163 2177 1279 2216 Misso
1309 2179 1477 2217 Herode.

345 2242 457 2281 Beati
486 2243 652 2282 Pacifici.
1161 2242 1258 2282 Cum
1287 2244 1473 2294 ejecisset.

346 2307 422 2353 Qui
450 2323 509 2347 me
539 2310 734 2348 confessus
762 2310 894 2348 fuerit.
1163 2310 1242 2349 Iste
1271 2312 1328 2348 est
1355 2310 1562 2349 Johannee.

343 2373 384 2412 Si
413 2376 497 2424 quis
525 2376 622 2414 mihi
655 2376 862 2415 ministrat.
1162 2377 1528 2427 Approbinquabat.

399 2471 449 2509 Et
476 2471 544 2509 hee
573 2472 808 2521 subsequens
837 2472 932 2509 nihil
963 2472 1083 2510 distat
1113 2487 1134 2511 a
1155 2473 1395 2522 precedente,
1415 2487 1540 2523 neque
1561 2473 1787 2522 ampliorem
1807 2475 1916 2512 teno-

343 2550 421 2575 rem
453 2539 534 2587 ejus
564 2538 759 2576 dietinctio
788 2539 827 2575 in
857 2538 969 2576 finem
1002 2537 1154 2586 retinet,
1188 2541 1226 2577 et
1253 2539 1326 2577 hoe
1353 2539 1510 2578 brevior
1539 2541 1607 2577 est.

343 2639 470 2685 Erunt
496 2653 630 2689 prava.
1153 2642 1357 2680 Postulavi
1384 2643 1547 2691 patrem.

342 2705 432 2743 Dies
461 2706 627 2744 Domini.
1153 2708 1391 2746 Obtulerunt
1420 2707 1609 2756 discipuli.

343 2770 444 2816 Quid
473 2772 535 2810 hic
562 2772 684 2810 statis.
1153 2774 1360 2823 Preceptor
1387 2773 1504 2812 Saule
1532 2774 1673 2811 sancte.

343 2834 383 2872 Si
414 2835 490 2874 duo
521 2849 564 2874 ex
594 2836 715 2875 vobis.
1156 2837 1238 2883 Que
1267 2840 1325 2877 est
1353 2837 1439 2876 ista.
