2012 3182
314 155 387 189 402
750 125 754 129 ’
900 148 1050 184 sumo
1075 148 1291 183 ARETINO

377 248 572 300 Quatuor
605 260 660 286 ex
693 244 850 300 quibus
882 243 1021 285 modis
1054 249 1148 285 octo
1182 243 1339 284 de'hine
1370 243 1570 297 facimus,

376 319 491 370 Quia
522 317 676 373 gravia
708 316 747 355 ἅ
778 314 867 356 alta
900 315 1074 356 cantica
1107 303 1409 375 discernimus,

376 390 486 431 (lum
518 387 747 429 authentos
780 392 910 443 atque
941 387 1091 442 plagas
1123 401 1241 428 more
1274 400 1412 441 graeeo
1446 385 1653 432 diximus.

757 543 866 583 Item
897 541 945 582 de
976 542 1193 582 authentis
1225 547 1263 586 &
1292 539 1437 596 playis

379 674 467 714 Alti
500 679 655 714 cantus
687 677 787 712 sunt
818 671 1031 724 authenti,
1065 686 1221 726 graves
1255 670 1408 726 plagas
1441 670 1683 711 nominant.

380 746 580 800 Dumque
614 750 798 799 quatuor
829 744 874 784 in
907 744 1020 784 tonis
1051 743 1132 784 hoe
1164 748 1400 798 utrumque
1432 747 1693 797 supputant3

379 816 486 857 Octo
520 815 725 857 formulas
758 821 959 856 tonorum
992 814 1062 856 vel
1094 814 1322 855 modorum
1357 812 1569 854 indicant.

380 889 540 933 Protus
569 893 634 928 est
664 885 901 927 authentus
933 885 1287 941 primus,'plagis
1320 885 1432 940 proti
1466 870 1695 937 secundus,

382 959 598 1000 Deuterus
631 957 865 999 authentus
897 963 1054 1009 exstat,
1090 957 1269 998 tertium
1303 970 1432 1011 quem
1464 956 1670 997 dicimus.

382 1029 573 1081 Quartus
606 1030 689 1070 erit
720 1030 859 1084 plagis
892 1030 995 1082 eius,
1029 1029 1180 1070 ordine
1214 1030 1284 1084 qui
1320 1029 1528 1085 sequitur.

382 1104 570 1156 Quintus
603 1108 667 1143 est
700 1101 934 1143 authentus
966 1102 1109 1155 tritus,
1143 1109 1292 1143 sextus
1325 1108 1389 1143 est
1422 1101 1562 1156 plagis
1595 1101 1743 1156 ipsius.

383 1177 495 1217 Hine
527 1175 762 1216 authentus
794 1180 859 1215 est
892 1174 1126 1228 tetrardus,
1161 1189 1289 1230 quem
1323 1189 1527 1215 vocamus
1560 1175 1814 1230 septimum.

382 1248 530 1303 Plagis
563 1247 745 1288 tetrardi
778 1253 970 1299 octavus,
1005 1247 1237 1302 septimum
1270 1246 1344 1302 qui
1377 1247 1587 1301 sequitur.

383 1321 576 1373 Quorum
595 1309 693 1361 *duo
726 1334 859 1360 unam
892 1333 1043 1360 vocem
1076 1324 1237 1372 tenent,
1270 1325 1318 1359 ut
1350 1318 1650 1373 praediximus,

384 1394 498 1446 Quia
530 1406 685 1432 vocum
717 1391 761 1431 in
793 1395 950 1431 natura
983 1395 1168 1445 quatuor
1202 1395 1303 1430 sunt
1336 1390 1497 1443 verius,

383 1464 501 1516 Quos
533 1464 569 1504 si
602 1463 729 1518 sapis,
762 1461 844 1502 hac
877 1461 922 1502 in
955 1467 1049 1502 arte
1081 1460 1191 1501 nihil
1224 1467 1288 1501 est
1318 1460 1484 1501 utilius.

357 1560 442 1594 ΙΙΙ.
470 1559 501 1593 Ι.
554 1557 634 1592 III.
690 1558 731 1591 V.
777 1556 807 1590 I.
853 1555 931 1590 III.
983 1557 1024 1590 V.
1073 1555 1161 1590 VII.
1207 1555 1239 1590 I.
1283 1555 1358 1590 III
1430 1556 1470 1590 V.
1514 1555 1548 1589 I.
1592 1554 1671 1588 III.
1724 1555 1763 1589 V.
1796 1554 1884 1590 VII.

370 1621 410 1658 Γ.
461 1620 509 1654 Α.
565 1620 612 1654 R.
681 1617 719 1652 C.
774 1619 819 1651 D.
874 1617 923 1650 E.
982 1616 1029 1650 F.
1084 1615 1127 1650 G.
1202 1627 1225 1649 a
1299 1617 1330 1650 b.
1354 1615 1408 1661 (l)
1435 1626 1463 1650 c.
1514 1615 1548 1649 d.
1616 1626 1644 1649 e.
1726 1613 1751 1656 f.
1823 1626 1860 1659 9.

335 1680 443 1714 V.III
462 1679 522 1714 II.
542 1678 644 1712 IIII.
670 1677 732 1712 VI.
751 1676 807 1711 II.
828 1676 934 1710 IIII.
959 1676 1021 1710 VI.
1050 1675 1159 1709 VIII.
1178 1675 1233 1710 II.
1254 1675 1359 1710 IIII.
1409 1674 1472 1710 VI.
1495 1674 1550 1709 II.
1572 1674 1678 1709 IIII.
1701 1675 1765 1710 VI.
1788 1673 1894 1708 VIII

1279 1759 1305 1793 I

1276 1819 1439 1854 abcsl

1277 1879 1440 1915 abed

1260 1940 1309 1975 II

947 2084 1013 2144 De
1045 2083 1274 2125 Finalibus

392 2216 603 2268 Quamvis
637 2229 784 2257 omnes
815 2229 943 2257 voees
975 2220 1129 2256 cantus
1161 2219 1291 2269 atque
1323 2212 1472 2254 modos
1503 2212 1678 2254 habeat.

391 2289 498 2329 Eius
530 2294 675 2330 tamen
707 2288 790 2328 erit
821 2286 951 2340 modi,
987 2301 1114 2343 quem
1148 2284 1292 2326 finalis
1324 2290 1511 2326 resonat.

393 2360 505 2401 Nam
537 2358 592 2400 ab
626 2360 718 2415 ipso
749 2359 882 2400 sumit
914 2372 1124 2410 normam,
1159 2356 1348 2414 qualiter
1381 2370 1425 2398 se
1459 2354 1634 2397 habeat.

393 2431 555 2475 Vocem
588 2436 790 2486 quartam
824 2435 955 2486 atque
988 2430 1200 2485 quintam,
1235 2434 1406 2470 sextam
1437 2433 1568 2483 atque
1600 2426 1852 2483 septimam.

393 2501 570 2544 Finales
601 2500 828 2543 habemus.
861 2501 988 2542 Multi
1021 2501 1115 2542 sine
1148 2499 1396 2542 differentia

395 2573 672 2629 Ubicumque
703 2578 873 2628 ponunt
903 2572 1010 2613 fines
1042 2572 1156 2614 sicut
1187 2574 1225 2613 ἃ
1258 2571 1479 2628 principia

397 2645 569 2703 Quique
601 2651 754 2687 cantus
786 2645 842 2687 ad
874 2652 1051 2687 octavas
1083 2644 1185 2686 salit
1216 2644 1489 2701 regulariter,

388 2829 439 2876 (d)
467 2830 503 2865 b.
526 2829 671 2865 durum.
