1996 3150
701 223 850 260 GUIDO
876 224 1090 260 ARETINO
1617 225 1681 259 351

198 320 362 370 pagine:
392 334 415 359 a
443 323 546 360 mete.
575 322 678 359 della
707 319 762 369 9⁸⁴,
795 321 983 360 comincia
1001 322 1029 360 il
1061 335 1098 359 n.
1119 323 1156 369 3,
1190 321 1290 360 ossia
1318 322 1344 359 il
1365 322 1579 371 Micrologo
1609 322 1687 359 001-

198 385 222 422 l'
237 387 425 424 acrostico
473 387 697 436 Gymnasio
726 398 866 425 musas
896 399 982 433 000.,
1015 387 1053 424 31
1082 387 1196 436 quale
1226 387 1265 425 fa
1294 387 1448 438 seguito
1478 387 1515 424 la
1545 387 1685 425 lettera

199 464 221 488 3,
249 450 445 490 Teodaldo
483 452 607 490 divisa
648 453 687 490 in
716 451 792 489 due
834 452 1041 501 paragrafi.
1084 451 1116 489 Il
1147 451 1308 490 secondo
1338 452 1378 489 di
1418 452 1548 501 questi
1576 463 1684 490 serve

197 529 304 554 come
333 517 650 555 d'introduzione
681 518 716 554 al
746 517 926 555 Trattato
956 529 975 554 e
1003 517 1196 566 principia
1232 521 1332 553 Cum
1370 528 1432 554 me
1471 518 1685 555 naturalis

197 583 376 619 conditio
405 595 478 620 000.
509 582 632 620 Viene
653 582 716 631 poi
736 582 1063 620 l'enumerazione
1086 582 1145 619 dei
1172 583 1222 619 20
1258 582 1429 631 capitoli,
1451 594 1471 619 e
1492 582 1682 620 termina:

199 650 287 695 Ipso
310 651 474 686 Doctore
493 659 652 696 semper
671 649 882 684 humanas
903 648 1092 684 tenebras
1110 648 1361 692 illustrante,
1381 648 1501 684 cuius
1519 659 1683 685 summa

196 712 403 759 sapientia
437 723 514 760 per
546 718 695 749 cuncta
731 712 840 759 viqet
868 713 1048 749 saecula.
1078 712 1208 750 Finito
1239 714 1391 761 questo,
1422 712 1489 749 che
1528 725 1578 749 va
1606 712 1682 750 fino

197 777 275 814 alla
305 778 376 814 50³
403 777 547 827 pagina
576 777 766 814 comincia.
795 777 821 812 il
853 789 888 812 n.
920 777 945 813 4
973 777 1222 825 (Rhytlzmus
1251 778 1432 814 eiusdem
1467 778 1682 814 Guidonis.

198 843 450 879 Musicarum
479 847 516 878 et
543 847 762 879 cantorum
791 852 952 888 mayna
982 847 1039 878 est
1069 841 1286 888 distantia)
1316 842 1345 878 il
1379 842 1495 890 quale
1524 855 1573 880 va
1606 842 1682 880 fino

195 906 274 944 alla
302 907 446 956 pagina
475 906 525 943 69
555 907 694 952 intera,
724 906 962 955 compresovi
991 906 1160 954 peraltro
1190 907 1218 943 il
1247 920 1283 943 n.
1316 908 1338 943 5
1378 908 1602 954 (Carmina
1634 908 1683 944 de

196 971 357 1018 modis).
386 972 419 1009 11
447 985 485 1010 n.
517 973 540 1009 6
567 969 759 1020 (Onnoms
791 969 996 1019 DIALOGUS)
1029 971 1241 1010 cominoia:
1277 972 1382 1011 Quid
1408 977 1464 1009 est
1493 973 1681 1009 musica?

204 1037 412 1074 Veraciter
449 1037 630 1074 canendi
666 1037 841 1074 scientia
872 1042 909 1074 et
934 1037 1076 1084 facilis
1105 1038 1162 1074 ad
1197 1030 1378 1074 canendi
1409 1038 1681 1085 perfetionem

196 1101 277 1139 via.
308 1101 417 1139 Circa
446 1102 483 1138 la
512 1102 586 1138 fine
615 1114 708 1139 sono
738 1103 840 1139 state
868 1112 1013 1139 omesse
1043 1100 1178 1138 alenae
1206 1101 1350 1150 parole,
1382 1102 1422 1139 in
1441 1102 1560 1151 luogo
1581 1101 1682 1140 delle

196 1167 302 1215 quali
330 1167 371 1204 vi
400 1167 432 1204 si
461 1168 627 1204 trovano
659 1166 720 1204 dei
750 1166 956 1215 pantolini.
986 1166 1171 1204 Tel-mina
1193 1166 1279 1214 poi:
1308 1167 1422 1206 Quod
1449 1168 1483 1203 si
1514 1172 1589 1203 aut
1618 1177 1683 1204 ne-

193 1232 404 1280 yliqenter
430 1231 534 1279 ayzt,
556 1237 631 1268 aut
650 1233 686 1269 si
706 1243 791 1269 non
808 1243 887 1279 pro
906 1232 1051 1269 divina
1074 1231 1187 1268 illius
1209 1231 1499 1282 illustratione,
1524 1236 1597 1269 aut
1616 1233 1683 1269 sui

192 1308 336 1334 sensus
366 1298 555 1334 acumine
575 1308 615 1333 se
634 1308 782 1344 capere
809 1308 924 1344 posse
939 1297 1284 1344 praesumpserit,
1316 1302 1391 1333 aut
1412 1308 1682 1346 nequaquam

191 1362 405 1409 intelliyet,
419 1367 492 1400 aut
503 1363 600 1400 dum
624 1373 710 1398 non
725 1363 874 1410 referet
888 1362 1069 1411 qratiam
1084 1362 1277 1399 donatori
1291 1362 1364 1411 qui
1378 1367 1433 1399 est
1449 1362 1681 1399 benedictus

192 1427 236 1463 in
267 1428 447 1465 saecula.
485 1426 698 1465 Confi-onia
736 1440 808 1464 con
847 1427 860 1464 i
897 1426 1018 1464 codici
1048 1427 1321 1471 Lamenziano,
1351 1425 1553 1472 Vaticano,
1598 1426 1683 1463 Na-

191 1492 386 1540 po1et-ano,
417 1505 436 1530 e
475 1493 572 1530 00113,
611 1492 906 1541 pubbhcazione
943 1492 982 1529 di
1019 1492 1219 1530 Gerberto.
1249 1492 1283 1529 11
1324 1506 1361 1529 n.
1396 1493 1416 1529 7
1454 1489 1680 1541 (Guidonis

192 1557 291 1594 liber
310 1554 404 1607 000.)
435 1556 646 1595 Comincia:
668 1560 719 1594 In
738 1559 904 1595 nomine
926 1558 1091 1594 Domini
1110 1559 1320 1605 incipiunt
1338 1558 1547 1604 formulae
1567 1562 1680 1593 tono-

193 1634 290 1658 rum
308 1623 410 1659 satis
429 1623 644 1660 humililer
664 1624 934 1670 explanatae.
955 1623 1061 1662 Quid
1075 1624 1125 1659 sit
1146 1625 1216 1659 etc.
1233 1623 1416 1659 Musicae
1437 1623 1541 1658 artis
1561 1622 1680 1659 disci-

187 1688 311 1734 plina
345 1698 503 1725 summo
539 1689 674 1725 studio
704 1688 937 1736 appetenda
974 1693 1043 1726 est.
1073 1687 1200 1737 Segne
1237 1687 1301 1736 poi
1329 1700 1385 1725 un
1423 1688 1523 1725 altro
1562 1699 1677 1736 capo:

196 1756 278 1793 Quo
299 1754 443 1791 ordine
461 1755 590 1801 pueri
608 1754 886 1791 admittantur
919 1755 976 1792 ad
1002 1759 1188 1791 cantum.
1221 1753 1382 1797 Quindi:
1408 1756 1462 1790 De
1490 1753 1625 1800 siynis
1645 1758 1681 1790 et

193 1819 402 1856 mensuris
422 1829 565 1856 vocum
594 1824 630 1856 ct
645 1822 792 1868 fi'yura
818 1819 1097 1857 monochordi.
1128 1819 1272 1864 Questo
1303 1820 1466 1856 tras-,tato
1497 1821 1516 1855 ὲ
1547 1818 1679 1855 chiuso

191 1884 240 1922 da
258 1897 311 1921 un
331 1884 468 1922 aborto
489 1884 530 1921 (11
548 1884 674 1933 figura
694 1885 762 1921 che
782 1885 842 1922 sta
862 1896 991 1933 presso
1012 1884 1323 1922 un’istrumento
1344 1897 1366 1921 a
1385 1883 1556 1930 'casti-era,
1579 1882 1680 1932 cogli

192 1949 312 1987 indici
341 1949 487 1987 distesi.
518 1948 730 1986 Confrouta
759 1950 820 1986 001
849 1949 978 1987 codice
1007 1949 1270 1987 Laurenziano
1300 1946 1542 1999 (Formulae
1568 1953 1682 1985 tono-

192 2014 321 2065 rum),
351 2017 459 2054 salvo
487 2015 718 2065 pochissime
748 2015 928 2061 variant&
957 2016 1015 2054 001
1036 2015 1306 2053 Vallicelliano
1337 2027 1490 2060 ancora,
1520 2027 1583 2051 ma
1603 2026 1682 2052 non

191 2095 262 2121 con
292 2083 422 2131 quello
451 2082 554 2119 edito
585 2081 634 2118 da
654 2080 946 2118 Coussemaker.
966 2081 1001 2118 11
1021 2095 1058 2119 n.
1081 2082 1103 2119 8
1131 2081 1341 2119 eomincia:
1379 2080 1551 2118 Cantica
1580 2090 1681 2116 can-

192 2149 320 2186 tando
350 2159 505 2185 manus
548 2148 769 2185 armonica
806 2159 880 2184 ecc.
919 2147 1122 2184 Termina:
1163 2151 1198 2184 et
1236 2146 1432 2195 quomodo
1467 2145 1681 2182 cantilena

190 2213 521 2251 distinctionibus
563 2213 753 2250 videatur
791 2217 825 2249 et
864 2223 922 2250 an
962 2224 1042 2249 vose
1079 2222 1250 2261 sequens
1288 2212 1345 2249 ad
1376 2210 1679 2259 praecedentem

190 2279 366 2327 yravior
404 2278 462 2315 vel
501 2278 675 2324 acutior,
706 2278 767 2314 vel
800 2279 998 2327 equisona
1037 2278 1101 2324 sit,
1138 2277 1258 2324 facili
1297 2276 1453 2325 eloquio
1491 2286 1616 2324 quam
1654 2285 1678 2310 a

190 2355 431 2382 neumarum
454 2346 603 2394 fi'yura
633 2347 904 2390 monstratur,
935 2343 971 2380 si
1011 2345 1080 2389 sic,
1120 2348 1165 2380 ut
1208 2343 1346 2380 debent
1379 2353 1430 2378 ex
1467 2340 1677 2378 industria

191 2414 495 2458 comparentur.
525 2409 559 2446 11
587 2422 623 2446 n.
655 2409 678 2445 9
708 2408 772 2457 poi
800 2406 995 2457 (Emsnssn
1025 2420 1243 2446 mmmmm
1264 2420 1313 2450 ,AD
1343 2407 1586 2444 MICHAELEM
1605 2417 1678 2442 mo-

192 2471 368 2524 NAGHUM)
390 2473 581 2523 principia
600 2475 699 2511 00113
728 2476 821 2512 noia
840 2474 978 2511 lettera
1006 2487 1028 2511 3,
1047 2473 1222 2520 Miclwle,
1244 2486 1264 2511 e
1285 2473 1452 2511 termina
1480 2472 1538 2509 001
1566 2471 1677 2508 Trat-

192 2541 329 2579 'catello
360 2541 417 2577 ad
443 2544 616 2577 cantum
646 2540 941 2577 invenendum.
974 2539 1007 2576 11
1036 2553 1074 2576 n.
1109 2541 1154 2576 10
1175 2539 1342 2588 (Musica
1362 2551 1407 2575 ex
1433 2536 1564 2574 Boetii
1591 2548 1677 2585 ope-

190 2603 316 2655 ribus)
344 2604 555 2644 comincia:
578 2605 735 2641 Musica
754 2606 976 2652 estperitia
990 2604 1299 2642 modulationis.
1315 2603 1432 2653 Degli
1459 2601 1552 2640 altri
1579 2602 1677 2638 trat-

191 2672 266 2709 tati
293 2684 370 2709 non
398 2670 590 2708 orediamo
622 2670 835 2708 necessario
867 2670 906 2708 di
935 2670 1056 2708 dover
1084 2671 1249 2719 parlare.

112 2735 365 2774 Biblioteca
391 2737 726 2786 Laurenziqna.
757 2755 807 2760 —
846 2734 938 2773 Cod.
975 2749 1015 2772 n.
1054 2735 1117 2781 33,
1148 2734 1254 2772 Serio
1286 2733 1482 2782 Aequisti‚
1511 2731 1676 2769 membr.

193 2813 266 2839 sec.
287 2813 450 2839 xn-xm.
472 2801 638 2840 Misura:
663 2802 778 2848 0‚150
799 2807 839 2843 ><
859 2802 988 2848 0‚090.
1010 2800 1193 2838 Contiene
1213 2800 1241 2837 il
1260 2800 1479 2837 commento
1500 2796 1676 2846 d’ignoto

193 2869 328 2904 autore
351 2867 410 2904 sul
437 2867 651 2917 Micrologo
681 2867 722 2904 (11
740 2866 889 2905 Guido.
920 2866 1087 2916 Leggesi
1115 2866 1217 2903 nella
1245 2865 1372 2914 prima
1400 2863 1567 2912 pagina:
1602 2862 1678 2898 Mi·
