1996 3150
727 207 876 244 GUIDO
903 207 1116 244 ARETINO
1637 206 1707 240 395

142 307 323 359 caeteris,
358 306 462 348 alios
494 306 769 362 ponderavit,
816 307 1061 362 mirumque
1092 307 1138 347 in
1177 305 1351 347 modum
1401 305 1551 347 divino
1596 312 1706 346 nutu

141 378 308 433 primus
351 377 458 430 XII,
505 377 720 419 secundus
759 377 842 431 IX,
876 378 1032 419 tertius
1065 376 1195 430 VIII,
1230 383 1410 432 quartus
1443 376 1522 430 VI,
1561 376 1708 418 nescio

123 447 301 504 ,quibus
327 447 593 503 ponderibus
620 447 911 503 appendebat.
939 447 1156 503 Cognovit
1184 449 1330 504 itaque
1354 448 1398 488 in
1425 461 1707 489 numerorum

140 521 417 576 proportione
452 527 481 564 ἃ
512 519 743 561 collatione
780 519 956 560 musica:
989 520 1153 560 versari
1181 520 1424 560 scientiam.
1453 519 1562 560 Erat
1589 519 1705 560 enim

140 605 191 632 ea
223 591 475 632 constitutio
508 591 554 631 in
587 596 773 646 quatuor
806 589 990 642 malleis,
1025 604 1136 645 quae
1170 598 1234 631 est
1268 589 1393 631 modo
1436 591 1481 631 in
1521 596 1707 645 quatuor

140 661 300 703 litteris
328 660 504 703 ADEa'.
526 661 729 717 Denique
761 661 796 701 si
821 660 856 700 A
873 693 881 702 .
908 662 1058 715 gravis
1087 660 1219 702 habet
1244 660 1336 702 XII
1365 663 1399 700 S:
1423 677 1447 701 α
1471 668 1600 702 acuta
1627 660 1708 702 VI.

141 739 259 774 tenet
306 747 351 773 se
398 739 530 774 acuta
577 747 617 772 a.
666 746 764 773 cum
813 731 871 773 A.
922 732 1048 786 gravi
1098 732 1391 787 proportione,
1425 747 1521 787 quae
1569 732 1706 773 estin

140 803 418 845 arithmetica
465 803 611 859 dupla,
652 804 698 844 in
745 803 910 844 musica
957 809 1102 844 autem
1151 803 1362 858 diapason
1409 803 1709 845 consonantia.

140 875 185 917 D
216 890 318 916 vero
351 875 511 929 gravis,
545 889 640 930 quae
674 882 739 916 est
770 874 922 927 VIIII,
956 888 1054 915 cum
1088 874 1142 915 E.
1177 875 1303 928 gravi
1339 874 1454 930 quod
1486 881 1551 915 est
1594 873 1707 915 VIII

139 953 258 988 tenet
308 961 351 987 se
400 947 688 1002 proportione,
736 961 829 1002 quae
863 953 928 987 est
968 946 1013 986 in
1062 945 1340 987 arithmetica
1393 946 1709 1001 sesquioctava,

139 1018 184 1060 id
217 1026 293 1071 est,
330 1019 561 1074 epogdous,
596 1019 639 1060 in
674 1019 839 1060 musica
887 1025 1034 1059 autem
1083 1026 1209 1059 tonus
1257 1019 1555 1060 consonantia.
1597 1018 1708 1059 Item

141 1106 181 1132 α.
215 1097 344 1131 acuta
377 1105 475 1131 cum
509 1091 562 1131 E.
596 1090 736 1145 gravi,
770 1090 882 1130 sicut
914 1090 972 1130 D.
1005 1090 1155 1143 gravis
1189 1104 1286 1130 cum
1325 1088 1381 1141 A,
1416 1091 1555 1144 gravi,
1591 1096 1711 1130 tenet

142 1175 185 1202 se
233 1162 522 1217 proportione,
558 1175 653 1215 quae
698 1166 763 1201 est
795 1161 840 1200 in
884 1159 1163 1200 arithmetica
1195 1160 1490 1215 sesquitertia,
1525 1161 1570 1200 in
1616 1174 1707 1200 mu-

142 1232 231 1273 sica
281 1246 384 1273 vero
431 1231 702 1273 diatessaron
753 1231 1050 1272 consonantia.
1094 1231 1206 1272 Item
1245 1246 1286 1271 α.
1328 1237 1458 1272 acuta
1506 1246 1602 1272 cum
1651 1233 1711 1273 D.

139 1303 281 1358 gravi,
314 1303 427 1344 sieut
459 1303 513 1344 E.
547 1304 696 1358 gravis
729 1317 828 1343 eum
855 1301 912 1343 A.
936 1303 1063 1357 gravi
1090 1309 1207 1343 tenet
1229 1317 1273 1343 se
1300 1303 1590 1358 proportione,
1614 1317 1709 1358 qua*

141 1381 207 1416 est
239 1375 283 1416 in
315 1373 593 1416 arithmetica
627 1374 924 1431 sesquialtera,
959 1374 1004 1415 in
1037 1374 1205 1415 musica
1237 1389 1340 1415 vero
1374 1373 1578 1430 diapente
1612 1388 1709 1415 con·

142 1445 357 1487 sonantia.
390 1445 449 1486 Et
482 1446 515 1486 si
551 1444 609 1486 A.
642 1444 776 1486 habet
807 1445 956 1486 XII&
976 1446 1022 1486 D
1042 1445 1112 1486 IX
1145 1446 1325 1486 ternarii
1358 1459 1605 1501 propassus,
1633 1445 1709 1486 ha-

140 1515 263 1558 bebit
295 1515 337 1556 A
371 1517 417 1558 in
451 1516 544 1558 XII
582 1517 796 1558 ternarios
843 1524 1043 1572 quatuor,
1079 1520 1113 1556 ἃ
1147 1517 1204 1558 D.
1238 1517 1282 1558 in
1316 1516 1457 1558 VIIII
1497 1518 1713 1558 ternarios

142 1596 242 1631 tres.
276 1589 444 1631 Rursus
477 1604 575 1630 cum
607 1588 768 1630 habeat
801 1588 858 1631 A.
891 1589 998 1643 XII,
1027 1589 1065 1628 &
1087 1590 1144 1630 D.
1172 1596 1318 1630 teneat
1349 1588 1491 1631 VIIII
1517 1590 1579 1642 (1)
1603 1603 1709 1644 qua·

145 1661 360 1702 ternarios
382 1675 534 1716 passus
556 1666 644 1701 tres
667 1659 849 1701 habebit
866 1659 924 1701 A.
946 1660 1002 1701 E.
1024 1675 1126 1702 vero
1146 1659 1265 1714 duos,
1289 1662 1327 1701 &
1346 1659 1551 1716 diapente
1575 1666 1712 1716 patet.

141 1730 240 1772 Sint
272 1732 430 1773 iterum
462 1731 555 1772 XII
577 1732 622 1772 in
645 1731 702 1772 A.
726 1731 766 1770 ἃ
792 1731 859 1773 VI
885 1732 930 1772 in
953 1731 1093 1773 altera
1120 1747 1159 1775 α.
1187 1732 1383 1772 senarius
1410 1730 1621 1772 medietas
1648 1742 1712 1772 est

140 1802 412 1856 duodenarii,
434 1803 548 1844 sicut
564 1819 590 1843 a
613 1810 744 1844 acuta
767 1802 948 1844 alterius
970 1802 1027 1844 A.
1052 1802 1286 1844 medietate
1314 1802 1546 1858 colligitur.
1572 1802 1713 1844 Adest

140 1889 242 1929 ergo
276 1874 497 1930 diapason.
531 1874 601 1915 Ita
633 1875 727 1930 ipsa
759 1873 816 1915 A.
844 1874 900 1916 ad
926 1876 985 1916 D.
1014 1874 1298 1928 diatessaron,
1328 1875 1384 1916 ad
1408 1875 1464 1915 E.
1492 1874 1712 1930 diapente,

140 1946 263 1986 alteri
307 1960 410 1986 vero
448 1961 474 1986 (ι
507 1945 719 2001 diapason
764 1945 923 1987 reddit.
958 1946 1014 1990 D.
1051 1960 1222 2002 quoque
1260 1945 1317 1987 ad
1361 1946 1417 1986 E.
1450 1953 1615 1998 tonum,
1657 1947 1712 1986 ad

139 2023 373 2073 utrumque
407 2016 463 2058 A.
496 2033 536 2061 α.
572 2016 842 2059 diatessaron
886 2024 963 2058 aut
995 2017 1203 2072 diapente
1237 2023 1380 2058 sonat.
1414 2016 1473 2057 Et
1506 2017 1550 2057 E
1581 2018 1711 2058 etiam

141 2088 197 2129 ad
228 2089 287 2130 D.
321 2096 485 2142 tonum,
519 2089 695 2144 utrique
724 2088 780 2132 A.
808 2104 849 2129 a.
878 2088 1085 2145 diapente
1113 2088 1181 2129 vel
1209 2088 1479 2130 diatessaron
1507 2088 1712 2129 mandat:

141 2176 167 2201 a.
199 2175 303 2202 vero
335 2167 465 2201 acuta
497 2175 597 2202 cum
630 2159 671 2201 A
702 2160 925 2216 diapason,
961 2175 1060 2202 eum
1093 2161 1152 2202 D.
1180 2160 1396 2216 diapente,
1421 2175 1521 2202 cum
1539 2160 1594 2201 E.
1621 2160 1715 2201 dia-

141 2241 337 2274 tessaron
387 2239 525 2274 sonat.
559 2231 666 2284 Quae
700 2242 859 2276 cuncta
891 2235 938 2275 in
971 2233 1238 2289 supradictis
1282 2235 1476 2275 numeris
1517 2234 1716 2275 curiosus

141 2310 436 2359 perscrutator
468 2305 678 2345 inveniet.
712 2305 831 2347 Hine
859 2306 975 2346 enim
1017 2305 1232 2361 incipiens
1277 2305 1457 2346 Boetius
1506 2304 1716 2361 panditor

142 2375 272 2416 huius
323 2375 445 2428 artis,
488 2374 671 2416 multam
718 2377 963 2432 miramque
1004 2377 1043 2416 ἃ
1088 2375 1390 2417 difficillimam
1432 2375 1561 2416 huius
1609 2376 1715 2416 artis

143 2446 419 2488 concordiam
465 2460 564 2487 cum
607 2461 887 2489 numerorum
927 2449 1207 2503 proportione
1250 2446 1555 2488 demostravit.
1599 2445 1715 2497 Quid

144 2517 306 2574 plura?
339 2517 424 2559 Per
457 2517 733 2573 supradictas
779 2519 942 2575 species
969 2519 1031 2573 (2)
1065 2518 1405 2560 monochordum
1437 2518 1606 2574 primus
1645 2516 1717 2558 ille

144 2588 418 2644 Pythagoras
468 2590 730 2645 composuit,
781 2591 828 2631 in
875 2605 958 2646 quo
1007 2591 1112 2646 quia
1158 2604 1245 2632 non
1294 2597 1359 2631 est
1405 2589 1590 2643 lasciva,
1639 2588 1712 2629 sed

195 2832 246 2875 (1)
275 2832 396 2878 Lege:
427 2836 455 2872 ἁ
480 2834 527 2867 Ε.
557 2836 678 2868 teneat
709 2833 822 2868 VIII.

193 2891 250 2937 (2)
277 2891 308 2925 Il
335 2892 422 2927 Cod.
447 2892 533 2928 Vat.
562 2892 654 2927 1616
681 2891 898 2939 aggiunge:
924 2903 1027 2928 voces
1055 2892 1247 2928 ordinans.
1276 2891 1342 2936 (N.
1365 2890 1531 2936 dell·A.).
