1996 3150
712 212 862 249 GUIDO
887 211 1102 247 ARETINO
1622 209 1689 244 391

182 313 265 354 His
298 313 446 368 itaque
478 318 664 367 quatuor
696 309 941 352 concordiis
969 308 1215 364 diaphoniae
1243 315 1420 350 cantum
1445 308 1508 362 (1)
1543 306 1692 349 subse-

122 385 292 439 quitur,
325 389 547 439 troporum
591 396 694 424 vero
732 381 808 422 alii
853 381 960 436 apti,
993 379 1070 421 alii
1117 380 1320 435 aptiores,
1355 378 1431 420 alii
1474 378 1689 435 aptissimi

124 456 332 498 existunt.
364 455 471 511 Apti
505 460 618 506 sunt,
642 454 716 509 qui
737 467 815 509 per
837 452 972 494 solam
1006 451 1277 493 diatessaron
1311 451 1479 506 quartis
1500 465 1526 491 a
1549 464 1594 490 se
1614 464 1690 490 vo-

121 527 242 569 cibus
275 540 486 582 organum
517 525 721 577 reddunt,
746 532 793 565 ut
820 524 1027 565 deuterus
1051 525 1095 564 in
1123 523 1176 564 B.
1204 523 1239 563 S:
1264 523 1330 563 E:
1359 523 1548 577 aptiores
1576 529 1692 574 sunt,

123 599 196 654 qui
229 613 315 639 non
347 597 485 638 solum
519 597 700 651 quartis,
735 595 809 636 sed
841 595 983 635 tertiis
1007 596 1041 635 &z
1064 593 1266 635 secundis
1292 608 1370 649 per
1397 600 1545 634 tonum
1570 592 1605 632 S:
1630 607 1691 633 se-

123 670 396 722 miditonum,
429 668 530 708 licet
561 681 673 719 raro,
707 666 983 721 respondent,
1009 673 1056 706 ut
1078 672 1228 721 protus
1250 666 1295 705 in
1321 663 1379 705 A.
1402 665 1437 705 S:
1463 664 1519 705 D.
1543 663 1693 718 Aptis-

123 740 220 782 simi
254 753 371 791 vero,
406 738 480 793 qui
511 738 749 792 saepissime
791 737 1056 792 suaviusque
1090 736 1135 777 id
1173 737 1355 790 faciunt,
1390 744 1439 777 ut
1472 735 1692 776 tetrardus

123 813 158 852 Sz
191 812 321 852 tritus
361 811 406 850 in
437 807 484 850 C.
518 809 572 850 F.
609 807 661 850 G.
695 808 776 849 Hae
809 809 925 848 enim
965 815 1065 849 tono
1098 808 1132 848 ἃ
1168 808 1316 849 ditono
1349 808 1384 848 S:
1420 807 1690 848 diatessaron

123 883 446 938 obsequuntur,
480 894 664 937 quorum
696 895 722 921 a
755 881 869 932 trito,
905 881 950 921 in
983 895 1111 935 quem
1136 880 1206 921 vel
1229 880 1330 921 finis
1358 879 1693 921 distinctionum

123 954 368 1006 advenerit,
400 952 470 994 vel
503 953 577 1007 qui
608 952 834 1007 proximus
867 952 949 1007 ipsi
984 951 1191 992 finalitati
1225 951 1404 1004 suberit,
1439 951 1694 992 subsecutor

123 1034 268 1067 tamen
309 1039 532 1080 nunquam
576 1022 706 1065 debet
747 1022 1023 1075 descendere,
1057 1024 1142 1063 nisi
1184 1022 1257 1062 illo
1303 1022 1532 1063 inferiores
1565 1036 1692 1063 voces

123 1104 276 1138 cantor
308 1095 547 1137 admiserit.
568 1096 609 1136 A
631 1095 735 1135 trito
758 1095 875 1135 enim
906 1093 1054 1135 infimo
1076 1099 1153 1135 aut
1176 1093 1337 1134 infimis
1370 1094 1569 1149 proxime
1591 1092 1694 1133 sub-

123 1169 274 1210 stituto
307 1168 465 1222 deponi
497 1180 710 1220 organum
742 1179 982 1220 numquam
1002 1164 1118 1205 licet.
1147 1163 1257 1205 Cum
1279 1178 1383 1204 vero
1411 1170 1564 1204 cantor
1585 1163 1696 1204 infe-

125 1240 258 1280 riores
291 1252 418 1279 voces
452 1237 680 1278 admiserit
712 1250 903 1291 congruo
936 1235 1043 1287 loco,
1078 1236 1113 1276 ἃ
1146 1250 1224 1290 per
1263 1235 1536 1276 diatessaron
1570 1249 1697 1289 orga-

123 1324 225 1350 num
269 1309 526 1364 deponatur,
569 1322 758 1363 moxque
800 1314 848 1348 ut
894 1306 972 1348 illa
1018 1306 1350 1348 distinctionum
1395 1307 1589 1362 gravitas
1634 1307 1697 1347 ita

123 1380 354 1433 deseritur,
389 1386 437 1421 ut
469 1379 608 1435 repeti
636 1393 721 1420 non
754 1384 966 1433 speretur,
997 1392 1125 1433 quem
1157 1379 1279 1433 prius
1312 1377 1529 1419 habuerat
1555 1377 1697 1418 locum

123 1451 378 1493 subsecutor
409 1457 593 1507 repetat,
626 1457 675 1492 ut
707 1449 830 1490 finali
863 1450 973 1503 voci,
1008 1450 1044 1490 si
1077 1450 1121 1490 in
1155 1465 1200 1491 se
1234 1449 1475 1503 devenerit,
1509 1463 1697 1491 comma-

124 1531 238 1581 neat,
261 1526 296 1564 &
321 1524 356 1564 si
388 1537 518 1578 super
548 1537 594 1564 se
626 1528 704 1576 est,
725 1523 870 1562 vicino
905 1521 1110 1563 decenter
1145 1528 1358 1576 occurrat,
1387 1522 1462 1577 qui
1489 1535 1696 1563 occursus

126 1602 226 1636 tono
259 1594 411 1636 melius
444 1595 512 1647 sit,
542 1593 686 1635 ditono
714 1607 800 1634 non
824 1592 946 1646 adeo,
969 1593 1315 1649 semiditonoque
1343 1607 1597 1649 numquam.
1622 1592 1696 1633 Ad

124 1667 394 1709 diatessaron
417 1681 518 1708 vero
541 1667 621 1707 vix
647 1665 704 1706 sit
731 1679 948 1721 occursus,
976 1679 1075 1706 cum
1098 1665 1247 1719 gravis
1269 1666 1408 1719 magis
1442 1664 1587 1721 placet
1619 1664 1693 1706 illo

123 1737 216 1780 loco
250 1744 494 1778 succentus.
529 1736 656 1790 Quod
688 1743 835 1777 tamen
876 1751 929 1776 ne
974 1737 1018 1777 in
1057 1735 1210 1777 ultima
1250 1736 1535 1778 distinctione
1579 1751 1696 1791 sym-

123 1809 294 1865 phoniae
315 1810 502 1861 eveniat,
527 1817 591 1849 est
613 1807 874 1849 cavendum.
897 1806 1020 1863 Saepe
1045 1814 1192 1849 autem
1214 1822 1314 1849 cum
1337 1807 1565 1849 inferiores
1586 1809 1696 1848 trito

125 1896 250 1923 voces
277 1889 431 1923 cantor
463 1880 702 1932 admiserit,
736 1894 951 1934 organum
983 1893 1243 1935 suspensum
1276 1887 1472 1921 tenemus
1501 1880 1547 1920 in
1571 1880 1694 1931 trito,

123 1960 227 1994 tunc
253 1967 356 1993 vero
381 1967 486 2007 opus
509 1958 587 2005 est,
616 1957 662 1992 ut
685 1951 729 1991 in
756 1949 1038 1991 inferioribus
1073 1950 1399 1992 distinctionem
1434 1958 1587 1992 cantor
1610 1965 1697 1992 non

124 2023 272 2077 faciat,
306 2023 381 2065 sed
414 2021 764 2064 discurrentibus
797 2037 895 2063 cum
934 2022 1163 2064 celeritate
1206 2022 1388 2064 vocibus
1425 2022 1697 2079 praestolanti

124 2096 225 2137 trito
250 2094 472 2136 redeundo
499 2093 743 2145 subveniat,
772 2100 802 2137 ὣ
823 2109 949 2135 suum
972 2097 1002 2134 ἃ,
1027 2093 1144 2135 illius
1171 2094 1290 2135 facta
1317 2095 1362 2135 in
1391 2093 1692 2150 superioribus

125 2166 404 2207 distinctione
435 2164 635 2221 repellat.
669 2165 781 2207 Item
815 2181 913 2207 cum
939 2180 1142 2208 occursus
1176 2167 1233 2207 sit
1265 2174 1379 2219 tono,
1417 2166 1614 2207 diutinus
1641 2166 1699 2207 sit

125 2245 249 2279 tenor
266 2237 377 2294 finis,
401 2244 450 2278 ut
472 2238 510 2278 ei
537 2238 698 2293 partim
724 2236 1029 2293 subsequatur,
1048 2239 1086 2278 &
1103 2239 1264 2294 partim
1285 2238 1556 2278 concinatur.
1584 2236 1697 2279 Cum

125 2323 228 2350 vero
261 2308 436 2349 ditonus
469 2308 730 2361 diuturnior,
754 2315 803 2349 ut
830 2323 944 2364 saepe
970 2323 1047 2364 per
1076 2309 1370 2350 intermissam
1403 2323 1567 2362 vocem,
1595 2307 1699 2349 dum

125 2380 194 2422 vel
237 2395 375 2437 parva
407 2381 463 2421 sit
495 2379 731 2432 obsecutio,
765 2380 896 2420 etiam
928 2380 1019 2420 toni
1052 2394 1139 2420 non
1182 2379 1295 2421 desit
1327 2380 1535 2421 occursio.
1571 2378 1697 2430 Quod

126 2452 231 2507 quia
263 2453 333 2504 sit,
365 2458 469 2493 tunc
502 2451 732 2492 harmonia
762 2450 914 2491 finitur
947 2450 1149 2492 deutero:
1185 2452 1266 2492 etsi
1298 2459 1454 2494 cantus
1487 2465 1573 2492 non
1602 2464 1698 2505 spe-

126 2531 251 2565 ratur
280 2523 396 2565 ultra
428 2522 484 2564 ad
517 2523 670 2563 tritum
717 2521 994 2575 descendere,
1031 2522 1136 2564 utile
1168 2530 1274 2565 tunc
1317 2525 1400 2564 erit
1439 2530 1563 2579 proto
1608 2523 1698 2562 vim

128 2595 280 2650 organi
315 2590 541 2650 occupare,
575 2593 942 2649 subsequentibus
985 2593 1205 2650 subsequi,
1240 2594 1403 2651 finique
1436 2609 1514 2650 per
1546 2601 1699 2634 tonum

128 2666 333 2708 decenter
348 2681 591 2708 occurrere.
610 2665 722 2706 Item
739 2680 836 2706 cum
859 2664 957 2721 plus
975 2665 1246 2708 diatessaron
1261 2667 1430 2720 seiungi
1451 2680 1535 2706 non
1555 2664 1697 2716 liceat,

177 2895 232 2940 (1)
259 2894 358 2939 Lege
371 2907 379 2928 :
407 2899 550 2930 cantus.
