2012 3182
308 159 323 190 -1
334 158 376 192 14
608 174 613 181 ·
895 158 1043 193 GUIDO
1071 159 1282 195 ARETINO

308 253 418 293 suris
447 252 736 307 disponuntur
766 255 849 306 (1):
883 255 915 294 Γ
947 268 1148 308 graecum,
1182 253 1262 295 hoc
1295 261 1363 297 est
1397 257 1436 298 G
1468 257 1653 302 latinum
1679 276 1789 317 pone
1822 262 1868 303 in

307 323 463 378 capite.
497 323 556 363 Et
588 323 691 364 inde
733 324 947 379 incipiens
980 330 1115 366 totam
1147 325 1321 380 lineam,
1356 341 1450 382 quae
1492 332 1663 371 sonanti
1697 332 1871 374 ehordae

306 393 515 448 subiacet,
550 409 627 449 per
659 409 813 436 novem
836 401 981 450 partes
1008 395 1335 438 studiosissime·
1357 398 1520 453 divide,
1553 400 1588 440 (ἦ
1605 401 1692 442 ‘ubi
1725 405 1870 458 prima.

305 478 405 518 pars
439 464 590 505 fecerit
617 464 746 506 finem
773 466 899 506 iuxta
926 465 1112 508 Gramma
1139 468 1325 522 primam
1352 469 1541 512 litteram
1574 486 1684 526 pone
1711 473 1767 514 A.
1794 473 1867 516 Ab

305 535 399 590 ipsa
432 535 572 590 prima
600 536 801 577 similiter
827 551 962 592 usque
989 537 1045 578 ad
1068 534 1197 581 finem
1225 540 1392 594 partire
1424 556 1500 596 per
1532 557 1702 596 novem,
1729 545 1764 585 82
1789 545 1865 586 ubi

306 607 447 661 prima
486 621 588 661 pars
629 606 760 648 finem
793 607 958 659 fecerit,
1000 609 1235 656 secundam
1267 610 1322 651 B.
1355 611 1547 653 litteram
1586 615 1731 669 iunge.
1765 615 1868 657 Post

306 675 397 717 haec
430 676 487 717 ad
520 678 552 716 Γ
585 684 824 732 revertens,
851 678 906 719 ab
941 680 1035 734 ipsa
1066 694 1200 735 usque
1233 680 1289 721 ad
1322 681 1450 723 finem
1484 683 1631 725 divide
1656 699 1734 740 per
1761 700 1867 741 qua-

305 754 403 788 tuor
444 754 602 802 partes,
638 749 672 789 (Ἑ
704 750 749 790 111
781 751 931 804 primae
965 752 1100 805 partis
1126 751 1257 792 finem
1291 754 1464 794 tertiam
1501 753 1546 796 C.
1580 770 1714 810 pone:
1750 757 1870 798 simi-

304 817 403 858 liter
429 833 454 859 a
479 820 620 873 prima
646 818 704 860 A.
733 820 881 861 divide
907 836 984 876 per
1004 827 1203 877 quatuor⁷
1231 823 1265 862 &
1291 824 1488 865 similiter
1514 825 1710 880 signabis
1737 842 1866 882 quar-

305 896 394 930 tam
427 890 485 931 D.
514 890 678 932 Eodem
711 892 836 933 modo
863 893 976 933 sicut
1001 908 1100 934 011111
1127 894 1268 948 prima
1300 895 1480 937 inventa
1506 903 1569 937 est
1601 903 1768 952 quarta,
1803 899 1866 939 ita

304 975 402 1001 011111
443 962 635 1003 secunda
677 963 873 1004 invenies
904 965 947 1004 E
988 950 1265 1019 quintanis&
1298 980 1396 1006 cum
1429 967 1559 1007 tertia
1591 968 1644 1009 F.
1679 974 1866 1019 sextam,

304 1032 340 1072 ἃ,
373 1047 468 1073 cum
494 1039 650 1088 quarta
680 1033 731 1075 G.
760 1036 1003 1090 septimam.
1031 1035 1202 1077 Deinde
1229 1036 1401 1078 rediens
1428 1038 1482 1078 ad
1510 1033 1699 1093 ,primam
1729 1038 1785 1081 Α.
1809 1039 1866 1081 ab

290 1103 397 1158 ‘ipsa
431 1119 566 1159 usque
600 1104 655 1145 ad
681 1104 810 1147 finem
843 1107 888 1147 in
916 1106 1055 1148 medio
1078 1108 1215 1162 spatio
1243 1108 1438 1150 invenies
1464 1109 1648 1150 alteram
1679 1112 1866 1165 primam

303 1190 344 1214 α.
379 1176 413 1215 a&
443 1175 647 1216 similiter
679 1191 777 1217 cum
816 1177 1007 1218 secunda
1046 1178 1242 1219 invenies
1281 1178 1462 1221 alteram
1496 1180 1732 1222 secundam
1763 1182 1799 1223 h.
1832 1182 1866 1222 ἃ

303 1261 401 1286 011111
428 1247 556 1288 tertia
578 1248 755 1288 tertiam
782 1263 816 1290 0.
849 1250 911 1289 sic
937 1249 971 1289 <Q
997 1248 1050 1290 de
1076 1250 1255 1305 reliquis
1281 1249 1337 1291 ad
1365 1251 1564 1292 eumdem
1590 1252 1766 1293 modum
1789 1268 1865 1309 per

304 1316 526 1372 diapason.
560 1318 618 1359 Et
640 1325 687 1359 ut
716 1319 768 1359 de
794 1319 1006 1360 divisione
1033 1320 1314 1362 monochordi
1343 1323 1387 1362 in
1419 1323 1569 1377 paucis
1595 1323 1734 1364 multa
1765 1338 1866 1365 con-

303 1389 529 1443 stringam,
558 1403 706 1430 omnes
734 1391 824 1431 toni
856 1405 1011 1432 novom
1044 1391 1100 1432 ad
1132 1391 1261 1433 finem
1297 1393 1495 1447 passibus
1528 1400 1723 1436 currunt.
1756 1395 1866 1436 Dia-

302 1466 496 1501 tessaron
523 1475 626 1502 vero
652 1476 822 1517 semper
849 1469 1033 1517 quatuor
1049 1478 1202 1518 passus
1221 1463 1339 1518 facit,
1359 1464 1565 1520 diapente
1583 1471 1684 1520 tres,
1712 1466 1747 1506 Sc
1772 1466 1866 1508 dia-

301 1546 434 1586 pason
469 1531 590 1585 duos,
624 1533 727 1588 quia
749 1533 816 1574 his
839 1540 1009 1575 tantum
1036 1541 1222 1589 quatuor
1249 1534 1487 1576 dividimus
1520 1535 1670 1578 modis.
1693 1536 1866 1578 Deinde

300 1609 413 1657 nota,
449 1604 563 1659 quod
596 1606 710 1646 inter
737 1605 971 1646 secundam
1005 1606 1039 1646 ἃ
1071 1606 1245 1648 tertiam
1278 1606 1349 1648 vel
1382 1608 1495 1648 inter
1518 1608 1717 1664 quintam
1743 1608 1778 1649 (ἦ
1803 1623 1865 1650 se-

299 1682 422 1716 xtam
454 1677 714 1731 parvissima
751 1679 895 1732 spatia
933 1677 1052 1731 fiant,
1088 1692 1182 1734 quae
1222 1679 1453 1720 semitonia
1485 1686 1717 1733 vocantur3
1751 1681 1866 1722 inter

299 1747 407 1788 alias
441 1762 544 1789 vero
581 1763 708 1790 voces
741 1750 906 1789 maiora
934 1749 1168 1791 intervalla
1194 1749 1318 1804 fiunt,
1349 1750 1384 1790 <Q
1416 1751 1623 1792 dicuntur
1648 1752 1753 1794 10111.
1786 1751 1863 1796 At.

300 1819 375 1859 Bs.
415 1817 481 1860 Ct.
517 1819 591 1860 Dt.
625 1820 702 1860 Es.
735 1820 807 1861 Ft.
844 1820 917 1862 Gt.

358 1895 607 1950 Iunguntur
639 1897 695 1938 ad
728 1912 771 1938 se
804 1898 992 1939 invicem
1019 1913 1146 1939 voces
1179 1913 1257 1940 sex
1289 1899 1440 1953 modis,
1475 1905 1588 1954 tono,
1617 1900 1864 1955 semitonio,

300 1965 461 2026 ditono,
485 1967 758 2022 semiditono,
783 1968 1067 2023 diatessaron,
1096 1969 1314 2025 diapente.
1342 1971 1410 2012 De
1438 1976 1537 2012 tono
1561 1977 1707 2013 autem
1739 1972 1774 2012 81
1799 1986 1864 2013 80-

299 2038 476 2079 1111101110
503 2054 635 2095 supra
660 2040 866 2085 diximus
892 2041 1082 2082 Ditonus
1111 2047 1257 2082 autem
1279 2047 1357 2094 est,
1386 2041 1490 2082 dum
1517 2042 1630 2083 inter
1658 2042 1766 2084 duas
1787 2057 1864 2085 vo-

299 2123 369 2150 ces
401 2108 485 2151 duo
518 2116 618 2151 sunt
651 2111 754 2164 toni,
788 2117 838 2152 ut
870 2111 984 2153 inter
1017 2113 1189 2157 tertiam
1222 2112 1256 2152 ἃ
1289 2113 1500 2168 quintam,
1535 2113 1569 2152 81
1599 2114 1802 2169 reliquas.

358 2179 651 2232 Semiditonus
672 2188 817 2224 autem
845 2182 1019 2237 dicitur,
1047 2184 1150 2239 quia
1178 2185 1318 2225 minor
1344 2189 1409 2225 081
1437 2183 1597 2237 (1110110,
1625 2199 1724 2225 011111
1749 2185 1863 2226 inter

299 2251 406 2293 duas
424 2253 591 2309 aliquas
608 2268 735 2295 voces
756 2259 820 2296 est
838 2269 948 2295 unus
966 2260 1092 2312 tonus
1110 2255 1145 2295 ἃ
1166 2270 1301 2296 unum
1318 2255 1610 2309 semitonium,
1623 2257 1701 2297 Dc.
1716 2256 1793 2298 Es.
1806 2257 1862 2298 F.

299 2323 581 2367 Diatessaron
604 2332 762 2367 ·autem
789 2326 950 2367 dicitur
979 2326 1029 2367 cle
1061 2332 1259 2382 quatuor,
1288 2341 1387 2367 cum
1420 2327 1533 2368 inter
1565 2326 1760 2383 aliquam
1787 2342 1859 2369 vo-

298 2410 391 2437 cem
423 2397 458 2437 &
490 2402 692 2452 quartam
724 2411 750 2438 a
783 2411 826 2438 se
853 2397 937 2439 duo
970 2403 1070 2439 sunt
1097 2398 1209 2451 -toni,
1243 2398 1279 2439 81,
1311 2412 1445 2440 unum
1473 2398 1751 2439 semitonium
1781 2400 1861 2440 Dc.

297 2469 373 2513 Es.
407 2469 477 2513 Ft.
516 2468 569 2510 G.
609 2469 830 2525 Diapente
862 2468 1024 2511 dicitur
1066 2469 1117 2510 de
1149 2470 1349 2526 quinque,
1387 2484 1485 2512 cum
1516 2470 1628 2511 inter
1670 2470 1861 2526 aliquam

298 2554 450 2582 vocem
483 2540 518 2581 (ἵε
557 2541 755 2596 quintam
797 2556 823 2582 a
855 2555 899 2582 se
931 2546 1018 2582 tres
1051 2546 1170 2583 sunt·
1193 2542 1299 2594 toni,
1332 2541 1368 2582 81
1401 2555 1536 2582 unum
1568 2541 1861 2585 semitonium.

297 2613 374 2654 Dc.
392 2612 468 2653 Es.
486 2613 558 2653 Ft.
579 2612 650 2654 Gt.
670 2628 710 2657 a.
733 2612 832 2654 Non
853 2611 995 2666 aliter,
1024 2626 1154 2668 quam
1176 2611 1244 2654 his
1266 2627 1345 2654 sex
1366 2611 1519 2665 modis,
1545 2625 1673 2654 voces
1701 2613 1859 2654 iunctae

359 2778 412 2823 (1)
440 2777 578 2821 Questo
603 2776 827 2812 Monocordo
851 2775 960 2813 viene
985 2776 1177 2814 delineato
1203 2789 1225 2813 a
1250 2789 1338 2824 pag.
1365 2777 1446 2823 253,
1473 2780 1499 2813 t.
1525 2776 1556 2824 Ι,
1583 2777 1643 2814 (101
1663 2777 1857 2822 Gerberto,

298 2837 360 2872 nel
386 2836 531 2883 dialoyo
556 2848 578 2872 0
603 2837 864 2879 Enchiridion,
877 2835 915 2871 di
940 2836 1109 2873 Oddone.
