1996 3150
690 142 840 179 GUlDO
868 143 1080 180 ARETINO
1619 147 1687 182 447

661 289 958 329 CAPITULUM
990 293 1045 330 1v
1075 292 1137 343 (1)

413 383 607 410 SEGUNDUS
645 384 771 411 MODUS
810 386 965 412 INCIPIT.
996 388 1192 415 AUTENTUS
1223 389 1387 415 DEUTERI

163 459 387 508 Descriptus
416 459 648 510 regulariter
676 473 763 498 cum
793 462 871 499 suis
900 464 1078 511 partibus
1106 468 1242 513 protus
1270 467 1455 515 superest,
1487 468 1530 504 nt
1553 466 1685 505 deute-

108 536 171 562 rus
199 524 397 562 intexatur
426 537 516 563 cum
545 527 622 563 suis
652 526 829 564 formulis
860 530 942 566 tam
970 530 1175 568 autenticis
1194 543 1313 579 quam
1332 532 1566 581 plagalibus,
1589 544 1686 582 quas

106 588 224 627 habet
252 589 530 638 postpositivas
560 592 665 638 tono,
697 590 831 630 ditono
861 594 900 630 et
928 593 1178 632 diatessaron.
1201 594 1430 644 Suppositas
1459 599 1590 634 autem
1619 610 1686 647 per

106 654 355 692 semitonium
384 655 520 693 etheo
560 655 600 693 in
638 643 811 695 autentis
850 658 967 696 habet
1004 661 1135 697 autem
1180 662 1219 698 et
1254 662 1461 710 appositas,
1501 662 1610 700 Unde
1649 665 1688 701 et

106 719 281 768 quinque
309 719 488 758 formulis
517 722 693 758 constare
723 722 890 760 videtur.
928 723 1059 762 Habet
1096 727 1224 763 autem
1267 726 1413 764 multas
1456 727 1687 776 antiphonas

106 797 183 833 que
223 785 446 823 annomales
485 797 564 823 esse
594 786 790 833 videntur,
812 800 857 825 ex
877 789 1018 837 quibus
1049 790 1122 827 alie
1153 790 1336 828 videntur
1366 792 1479 840 plage
1508 793 1685 839 tetrardi,

108 849 181 887 alie
211 862 302 888 vero
333 851 448 900 plage
478 850 576 889 triti.
605 851 771 889 Ratione
800 865 892 903 ergo
921 865 997 891 non
1026 854 1178 893 modica
1208 855 1269 893 hic
1299 868 1394 905 opus
1425 858 1494 903 est,
1525 859 1573 895 ut
1600 869 1688 906 pos-

107 914 186 952 sint
214 914 427 953 rectissime
469 928 620 965 queque
661 916 874 965 antiphone
903 918 1071 967 propriis
1101 922 1235 968 aptare
1264 920 1388 957 modis
1417 922 1587 959 autentis
1616 923 1687 960 aut

107 979 246 1029 plagis,
276 993 346 1018 nec
373 980 448 1018 alio
480 981 771 1029 permutentur.

161 1044 239 1083 Iste
267 1047 396 1083 autem
425 1045 565 1084 modus
595 1058 672 1083 non
702 1046 795 1084 adeo
838 1046 1006 1086 aliorum
1043 1050 1281 1087 autenticam
1317 1052 1449 1089 servat
1488 1052 1688 1101 regulam3

108 1122 195 1148 cum
224 1110 325 1148 enim
355 1110 422 1148 alii
452 1110 589 1160 quinto
619 1112 788 1149 habeant
825 1111 1018 1151 furmulas
1057 1113 1132 1152 iste
1171 1115 1327 1164 insuper
1365 1119 1488 1162 sexta3
1519 1116 1620 1154 unde
1650 1118 1689 1155 et

109 1176 204 1214 fines
224 1176 287 1215 vel
308 1176 426 1214 etiam
442 1176 633 1225 principia
647 1176 935 1215 distinctionem
956 1178 996 1215 in
1016 1180 1124 1217 sexto
1145 1193 1166 1218 a
1186 1192 1224 1217 se
1244 1179 1369 1229 gradu
1384 1181 1688 1220 constituuntur.

169 1242 279 1288 Quod
317 1254 393 1280 non
433 1242 660 1292 autoritate,
700 1243 767 1280 sed
808 1256 852 1280 ex
880 1245 1108 1283 necessitate
1149 1246 1282 1284 habet:
1314 1249 1396 1285 erat
1436 1248 1537 1285 enim
1577 1249 1691 1287 nimis

107 1308 264 1347 difficile
292 1310 370 1347 tres
398 1308 605 1347 continuos
634 1311 744 1347 tonos
764 1309 847 1348 sine
865 1311 1067 1349 semitonio
1099 1314 1333 1361 exprimere;
1363 1314 1503 1353 idcirco
1532 1318 1688 1365 postpo-

107 1375 182 1412 sita
210 1373 382 1425 regulari
411 1386 553 1413 vocum
582 1374 820 1412 aonnexione
848 1376 1054 1414 necessitas
1084 1379 1142 1415 est
1170 1379 1314 1417 secuta.

241 1456 440 1506 Phrygius
470 1457 606 1495 modus
635 1458 692 1495 est
721 1459 867 1507 protus,
897 1458 1136 1509 hypolydius
1166 1460 1350 1500 deuterus
1379 1463 1526 1512 estque.

243 1522 318 1560 Hic
348 1523 460 1561 aliter
489 1523 628 1560 modus
658 1523 780 1561 nescit
807 1523 1051 1574 distinguere
1080 1539 1231 1565 vocum.

245 1588 319 1625 Hic
350 1589 531 1626 resonant
558 1589 658 1626 celsa
687 1590 843 1627 tantum
872 1589 1083 1638 spiramina
1113 1591 1265 1640 quinto.

244 1653 318 1691 Hic
346 1654 521 1704 graditer
548 1656 656 1693 sexto
683 1666 751 1692 nec
780 1655 919 1692 horum
948 1655 1033 1706 lege
1063 1658 1229 1694 tenetus.

106 1740 249 1805 -Q
382 1755 1122 1849 ·.-i:-]‚‚3-‚,
1318 1758 1691 1811 ,ka—w:-

296 1874 427 1913 Tertia
643 1875 723 1912 dies
941 1883 997 1913 est
1347 1878 1448 1926 quod

107 2312 153 2358 ³:
299 2336 363 2380 ,—
465 2325 510 2372 ιφ
611 2327 691 2386 -ss
819 2328 841 2346 ·
984 2329 1338 2375 ι*κ--ῆ
1480 2339 1504 2360 1

405 2416 537 2455 Gloria
779 2418 995 2456 seculorum
1215 2431 1339 2456 amen.

110 2506 301 2545 Dominus
330 2490 469 2555 legifer
496 2506 638 2544 noster.
923 2504 1049 2544 Nemo
1078 2508 1116 2544 te
1145 2507 1429 2546 condemnavit.

111 2572 251 2610 Tollite
926 2571 1051 2609 Nemo
1080 2572 1198 2610 tollit.

112 2637 227 2676 Salva
256 2649 324 2675 nos
354 2635 504 2674 Christe

157 2754 211 2800 (1)
238 2751 306 2797 Qui
325 2753 388 2788 nel
405 2753 540 2790 Codice
557 2765 576 2790 e
597 2753 699 2789 uella
718 2752 977 2803 riproduzione
991 2753 1031 2790 di
1049 2754 1237 2790 Coussem.
1257 2751 1292 2788 vi
1312 2752 1332 2787 ὲ
1350 2752 1391 2796 V,
1411 2763 1477 2801 per
1502 2764 1625 2789 errore
1651 2751 1689 2788 di

111 2811 390 2852 numerazione.
