2012 3182
343 136 413 170 452
938 134 1088 170 GUIDO
1114 134 1329 170 ARETINO

1125 307 1141 344 I

341 419 1074 497 {1ss
1137 421 1925 507 11—5213-235231

596 524 727 564 Gloria
1022 527 1241 565 seculorum
1611 541 1736 567 amen.

345 620 517 672 Vigilate
546 622 686 660 animo.
1157 623 1278 662 Credo
1310 624 1439 663 videre

344 687 478 727 Turba
505 688 632 726 multa
1161 689 1304 727 Sancta
1333 690 1470 728 Maria.

397 784 441 822 In
469 784 528 822 his
558 784 737 834 apposita
766 787 823 822 est
852 784 1020 823 formula
1048 787 1086 823 et
1115 785 1154 823 in
1184 796 1321 824 ool-um
1351 786 1553 824 similibus.
1583 785 1765 824 Ceterum
1787 786 1920 824 subse—

342 850 552 899 quentibus
582 851 624 887 fit
653 851 856 899 supposita
885 853 928 888 ut
958 851 995 888 in
1024 851 1084 888 his
1114 851 1348 900 antiphonis.

346 948 470 986 Maria
499 950 536 985 et
565 945 738 993 flumina,
1161 947 1407 986 Sanctissime
1437 949 1643 996 confessor,

348 1013 492 1052 Omnes
520 1016 665 1064 gentes.
1164 1013 1280 1052 Pater
1308 1016 1449 1053 sancte.

343 1080 434 1118 Tria
463 1083 555 1118 sunt
583 1092 757 1118 munera.
1164 1080 1328 1118 Sanctus
1358 1083 1397 1119 et
1425 1094 1573 1119 verum.

345 1145 406 1184 Sic
438 1145 577 1184 veniet.
1162 1145 1346 1184 Laudabo
1376 1147 1606 1185 Dominum.

344 1211 515 1250 Mentem
544 1212 730 1250 sanctam.
1164 1212 1281 1250 Scitis
1311 1213 1376 1262 qui
1406 1225 1467 1250 me
1497 1213 1630 1251 tradit.

350 1277 547 1316 Anxiatus
576 1281 633 1315 est
662 1277 701 1315 in
730 1291 802 1315 me.
1164 1279 1249 1316 Duo
1282 1279 1467 1316 homines.

346 1342 564 1380 Habitabit.
1161 1343 1342 1382 Ostendit
1371 1345 1507 1383 saneti.

343 1408 428 1446 Lux
458 1411 659 1458 perpetua.

398 1499 608 1537 Preoedens
636 1499 804 1537 formula
824 1499 968 1548 partim
996 1500 1202 1537 semitonio
1233 1503 1291 1537 est
1319 1501 1532 1549 supposita,
1554 1501 1697 1550 partim
1718 1501 1920 1551 apposita:

343 1564 579 1615 subsequens
619 1568 753 1604 autem
792 1565 1030 1603 diatessaron
1061 1566 1300 1614 preponitur.
1340 1566 1470 1616 Igitur
1499 1567 1538 1604 in
1567 1567 1782 1605 formarum
1823 1568 1924 1617 posi-

343 1634 514 1673 tionibus
542 1632 758 1672 eurandum
788 1644 861 1682 que
889 1634 926 1669 et
955 1631 1096 1681 quibus
1136 1632 1307 1670 motibus
1345 1633 1425 1672 sint
1466 1634 1660 1684 preposite
1702 1635 1763 1673 vel
1805 1647 1921 1685 appo-

344 1701 428 1748 site,
457 1702 526 1738 aut
554 1699 767 1749 supposite.

1114 1835 1151 1872 ΙΙ

343 1959 766 1963 ——-.——-—-
780 1956 1051 1961 —————
1606 1958 1661 1961 <-—>
1688 1957 1930 1965 —--——-—-——-

342 1955 1718 2043 Fffff—-zss—-ss—j-—ss-s—L—:E—ff·
1718 1981 1832 2032 ἶ.
1812 1982 1930 2034 ε--ζ

590 2065 722 2104 Gloria
967 2070 969 2072 '
1055 2063 1274 2101 seculorum
1492 2076 1615 2102 amen.

346 2167 507 2205 Rubum
535 2180 652 2216 quem
681 2165 844 2205 viderat.
1164 2165 1398 2204 Innuebant.

347 2232 464 2271 Seeus
494 2233 686 2270 decursus.
1161 2229 1372 2268 Biduanas.

346 2298 627 2349 Appenderunt
656 2310 751 2335 mor.
1160 2296 1434 2335 Ambulabunt
1462 2309 1626 2335 mecum.

399 2388 450 2427 Et
475 2389 546 2426 heo
575 2387 728 2438 quidem
759 2389 806 2425 ut
834 2386 1011 2436 superior
1040 2387 1166 2436 prima
1187 2386 1392 2424 semitonio
1420 2387 1478 2424 est
1506 2386 1707 2435 supposita
1736 2387 1783 2424 ut
1804 2385 1842 2423 in
1864 2386 1922 2423 his

347 2457 509 2505 apparet
537 2455 771 2504 antiphonis.

1108 2590 1163 2628 ΙΙΙ

344 2726 838 2796 ςῖπν--ε
912 2709 1575 2794 -Γῖῑ-ῖᾞῖ-ῗ.
1694 2733 1929 2784 .-—-.——:

538 2816 670 2869 Gloria
915 2816 1131 2854 seculorum
1442 2828 1568 2853 amen.
