2012 3182
283 116 352 149 476
884 113 1031 148 GUIDO
1060 112 1269 148 ARETINO

286 213 379 262 Ejus
408 212 491 249 loca
519 223 588 249 nec
617 211 790 261 attingit,

285 278 365 315 Nec
394 277 549 315 amittat
577 276 744 326 propria.

284 343 370 380 Una
398 342 499 380 enim
529 343 807 380 subarctantur

285 407 426 446 Omnes
455 407 536 446 toni
566 408 715 458 regula.

337 474 472 512 Restat
500 486 656 523 quoque
685 476 720 510 te
750 485 850 510 nunc
878 484 988 510 nosse
1025 514 1030 519 ,

285 539 436 577 Horum
467 540 550 577 loca
577 539 743 588 singula.

287 605 367 650 Que
395 604 627 654 quicumque
656 604 836 642 derelicta

283 671 360 709 Sua
388 671 492 720 rapit
521 671 626 717 alias,

284 737 329 774 In
358 737 461 775 illius
491 738 604 786 cujus
633 737 741 782 tulit,

285 802 513 841 Ooarctatur
542 803 659 841 curia.

286 870 428 907 Protus
458 869 575 907 tritus
605 871 643 907 et
671 869 869 907 tetrardus

286 935 429 980 Quinto
458 937 591 973 tenent
620 935 828 979 formulas;
855 939 859 944 '

284 999 434 1045 Quibus
463 1003 623 1050 possunt
651 1012 720 1038 sua
748 1000 843 1038 satis

283 1066 423 1104 Facere
451 1066 654 1116 principia.

283 1132 398 1171 Sexto
429 1135 557 1171 autem
587 1133 670 1171 loco
701 1134 805 1170 tenet

284 1199 428 1236 Deuter
458 1198 719 1246 differentias3

281 1265 404 1316 Plage
431 1265 535 1313 parti
564 1269 679 1313 atque
710 1264 792 1302 triti

282 1332 381 1370 Loco
410 1331 544 1369 insunt
571 1331 703 1374 tertio:

284 1398 337 1434 At.
365 1396 529 1435 tetrardi
559 1395 787 1445 deuterique

284 1463 432 1509 Quarto
462 1463 608 1512 pollent
637 1463 745 1500 solio.

283 1530 456 1576 Quorum
487 1531 622 1567 cantus
652 1529 709 1566 his
740 1530 942 1567 arctantur

283 1596 440 1645 Semper
470 1595 543 1633 sub
572 1595 806 1632 terminibus

283 1661 380 1700 Item
410 1673 528 1712 super
556 1661 717 1710 quisque
747 1661 884 1699 modus

283 1730 379 1769 Octo
409 1731 498 1768 salit
527 1729 725 1780 gradibus,

282 1796 332 1834 Et
360 1796 408 1834 ad
437 1796 590 1846 quintas
620 1798 677 1834 est
706 1797 897 1835 remissus

282 1862 335 1900 Ut
363 1863 552 1913 magister
580 1863 765 1911 loquitur.

282 1927 445 1973 Quando
475 1929 589 1977 plage
617 1930 656 1966 et
685 1928 855 1966 autentis

282 1994 368 2031 Non
399 1995 493 2031 sunt
522 1993 760 2041 differentie;

282 2058 391 2104 Quod
419 2061 451 2098 si
481 2060 616 2110 plagas
645 2060 694 2098 ab
724 2060 893 2098 autentis

282 2125 472 2164 Convenit
502 2127 727 2165 discernere.

282 2192 403 2242 Plage
431 2192 576 2230 saliunt
605 2193 653 2230 ad
683 2193 853 2241 quintas,

282 2258 363 2296 Nec
391 2258 543 2296 vadunt
572 2258 764 2304 ulterius;

281 2324 333 2362 Et
360 2324 410 2361 ad
437 2324 594 2372 quintas
626 2323 852 2362 declinando

282 2389 365 2427 Sibi
394 2389 651 2428 satisfaciunt.

281 2451 335 2493 At
365 2457 533 2494 autentis
563 2456 612 2494 ad
641 2458 796 2494 octavas

282 2521 554 2570 Competenter
581 2523 739 2560 saliunt.

281 2587 317 2624 A
345 2587 450 2625 finali
479 2600 558 2626 uno
586 2590 692 2634 tono,

280 2652 415 2701 Neque
443 2653 589 2691 cadunt
617 2654 797 2702 amplius,

280 2717 469 2755 Deuterus
498 2719 597 2757 hanc
625 2719 785 2756 offendit

278 2781 372 2831 Sepe
403 2783 546 2821 dictam
576 2785 766 2834 regulam3

1154 211 1208 249 At
1237 223 1303 259 per
1333 211 1460 259 partes
1490 213 1672 248 cantuum

1099 275 1245 321 Queras
1275 275 1375 312 forte
1404 275 1436 312 si
1465 287 1680 324 cognosces.

1093 340 1195 385 Quas
1225 341 1490 379 distinctiones
1520 342 1660 379 vocant

1102 407 1206 444 Bene
1235 407 1331 444 scire
1358 399 1511 456 satage3

1100 471 1200 517 Quia
1230 473 1301 510 iste
1329 472 1531 509 harmonie

1100 538 1228 576 Firme
1257 540 1348 576 Sunt
1376 538 1580 587 clavigere.

1099 604 1220 654 Plage
1249 604 1350 653 proti
1380 606 1496 652 atque
1526 603 1609 641 triti

1102 671 1201 708 Loca
1232 672 1364 708 tenent
1393 670 1538 716 tertia3

1100 736 1177 774 Ubi
1204 749 1294 774 suas
1324 739 1474 785 queunt
1505 736 1586 773 fare

1099 803 1214 841 Fines
1243 803 1304 840 vel
1334 801 1536 851 principia.

1099 869 1158 906 Ne
1187 871 1390 918 usurpent,
1421 870 1632 907 caveantur

1100 935 1200 972 Loca
1227 947 1350 984 usque
1381 935 1468 972 alia.

1100 1000 1172 1038 Sed
1203 1001 1366 1038 tetrardi
1395 1001 1622 1050 deuterique

1100 1066 1283 1111 Quartam
1314 1080 1528 1116 numquam
1557 1066 1753 1104 excedant.
1824 1080 1827 1082 ’

1100 1132 1173 1178 Qui
1203 1134 1373 1171 autentis
1402 1145 1492 1170 mox
1519 1132 1725 1171 tradentur

1101 1199 1198 1236 «lure
1226 1198 1341 1236 missa
1369 1198 1529 1247 propria

1103 1264 1181 1301 Sub
1211 1275 1249 1301 se
1279 1266 1409 1302 autem
1439 1264 1597 1312 quintas

1102 1329 1287 1368 Obtinere
1317 1331 1481 1375 valeant,

1102 1397 1155 1433 At
1185 1397 1354 1434 autentis
1384 1408 1599 1445 numquam
1630 1395 1718 1433 licet

1100 1462 1236 1500 Infima
1265 1464 1472 1511 appetere3

1097 1529 1183 1566 Nisi
1212 1531 1302 1566 tono
1332 1541 1411 1566 uno
1443 1531 1596 1567 tantum

1100 1594 1181 1632 Sub
1211 1595 1317 1632 finali
1347 1596 1484 1645 posito.

1101 1660 1350 1710 Oaveantque
1380 1663 1608 1711 potestatem

1095 1729 1176 1767 Sub
1206 1730 1409 1779 plagarum
1441 1731 1617 1768 maxime.

1096 1795 1281 1845 Quisquis
1310 1796 1406 1834 velis
1435 1809 1683 1835 camenarum

1102 1862 1277 1900 Melodiis
1307 1875 1460 1910 canere3

1101 1928 1150 1965 Et
1175 1927 1415 1967 dulcissimas
1444 1931 1642 1978 pastorum

1101 1993 1272 2031 Fistulas
1301 1996 1554 2041 contennere3

1098 2059 1338 2098 Musicorum
1367 2061 1590 2099 subaratam

1097 2127 1287 2177 Regulam
1319 2140 1565 2177 prosequere.

1153 2192 1316 2231 Gramma
1343 2193 1508 2232 succinit
1537 2194 1595 2232 his
1625 2194 1752 2232 tribus

1102 2258 1258 2296 Litteris
1288 2260 1549 2308 sequentibus.

1102 2323 1179 2369 Qui
1207 2324 1389 2363 videlicet
1418 2327 1457 2362 et
1486 2329 1529 2363 Β.

1100 2390 1233 2438 Atque
1267 2393 1296 2427 C
1322 2391 1604 2429 tantummodo.

1103 2456 1137 2492 A
1167 2456 1216 2493 ad
1248 2460 1279 2492 D
1309 2458 1347 2494 et
1375 2460 1407 2494 Β
1437 2457 1485 2495 ad
1515 2460 1556 2493 E.

1099 2520 1259 2571 Semper
1287 2523 1436 2571 quartis
1468 2522 1628 2561 vocibus

1107 2592 1133 2625 0
1161 2590 1207 2625 ut
1234 2601 1390 2638 gamma
1421 2589 1641 2637 organizat3

1096 2653 1185 2691 Suis
1215 2654 1341 2692 tribus
1368 2654 1532 2703 posteris

1093 2722 1125 2755 D
1155 2721 1192 2757 et
1221 2722 1255 2756 E
1280 2732 1325 2758 ac
1352 2723 1389 2756 F
1413 2720 1589 2768 sequenti

1095 2783 1318 2822 Monocordi
1347 2785 1508 2834 regulis.
