1996 3150
658 155 806 192 GUIDO
834 155 1045 191 ARETINO
1579 156 1643 190 461

427 365 584 414 spiritui
888 370 1017 405 sancto
1588 369 1619 406 si

77 452 690 534 ΞΞ-ι-ΞέιΞέ-ι
763 467 794 489 ι-
837 454 877 489 -·
950 464 980 484 -·
1043 479 1064 497 ·
1103 463 1602 529 ‘.—q—.ss2—.·.

231 567 297 604 cut
437 568 520 605 erat
627 567 667 604 in
800 568 987 616 principio
1148 571 1185 606 et
1294 581 1397 606 nune
1557 571 1595 606 et

77 655 569 729 {zea—'adm
614 663 1006 737 ἦ-ῑε-ὴμ
1045 664 1208 732 *2422
1281 647 1651 714 -.-3—=-—

322 781 471 817 semper
570 770 608 806 et
687 769 726 805 in
835 769 962 806 secula
1200 770 1418 808 seculorum

76 865 595 915 -j---1-2—0—L
713 881 1229 916 *em-—zss—
1258 866 1652 916 „mn-*Z-

691 983 813 1008 amen.

132 1073 260 1112 Multa
287 1072 531 1122 responsaria
560 1074 652 1110 sunt
680 1085 726 1110 ex
754 1073 828 1110 isto
859 1072 986 1119 modo,
1017 1072 1110 1122 quia
1136 1072 1261 1122 magis
1299 1072 1487 1110 finiuntur
1516 1073 1555 1111 in
1595 1076 1650 1111 te—

80 1139 225 1186 trardo,
254 1152 370 1188 quam
400 1138 439 1176 in
468 1137 574 1184 trito,
605 1138 704 1175 sicut
733 1139 805 1175 est:
837 1140 921 1186 Eyo
950 1150 1044 1175 sum
1072 1138 1115 1175 id
1143 1138 1252 1187 quod
1278 1149 1382 1176 sum.

577 1245 654 1265 PARS
675 1245 788 1264 TERTIA
809 1244 980 1266 PLAGARUM
1000 1245 1148 1265 EXPLICIT

612 1371 910 1409 CAPITULUM
937 1372 1033 1409 VIII
1062 1369 1120 1420 (l)

545 1474 614 1499 TET
620 1473 764 1500 RARDUS
793 1474 1016 1500 AUTHENTUS
1046 1473 1189 1499 INCIPIT

136 1576 318 1614 premissi
359 1588 450 1626 ergo
480 1574 585 1614 modi
615 1588 704 1614 cum
745 1576 1067 1625 subsequentibus
1097 1588 1143 1613 ex
1177 1575 1363 1625 diapason
1403 1576 1649 1614 consonantia

81 1641 248 1680 esistunt
275 1641 486 1690 speciebus,
516 1653 612 1690 quos
641 1644 774 1691 tropos
804 1642 865 1680 vel
894 1643 1006 1679 tonos
1035 1641 1291 1679 nominamus.
1311 1641 1382 1679 Est
1402 1643 1535 1679 autem
1564 1654 1650 1679 con·

80 1706 234 1745 stitutio
254 1706 294 1744 in
313 1706 407 1744 totis
427 1719 566 1745 vocum
587 1707 786 1745 ordinibus
807 1707 1001 1757 gravitate
1031 1706 1207 1744 differens
1237 1708 1307 1744 aut
1335 1706 1524 1745 acumine.
1555 1705 1653 1744 Con-

82 1773 238 1812 stitutio
267 1785 358 1811 vero
388 1774 443 1811 est
471 1773 625 1822 plenum
656 1773 780 1812 veluti
809 1772 1084 1811 modulationis
1115 1784 1251 1821 corpus
1272 1772 1480 1811 consistens
1500 1785 1544 1810 ex
1564 1785 1651 1810 con-

82 1839 348 1877 sonantiarum
367 1838 651 1888 conjunctione,
673 1839 785 1887 quale
800 1839 856 1876 est
870 1837 1055 1887 diapason
1071 1838 1131 1875 vel
1148 1837 1326 1886 diapente
1339 1837 1399 1875 vel
1415 1837 1652 1875 diatessaron

83 1907 152 1943 aut
180 1904 365 1954 diapason
394 1906 433 1942 et
462 1904 642 1954 diapente
671 1905 732 1942 vel
759 1904 819 1942 bis
858 1904 1056 1953 diapason.
1087 1903 1197 1941 Unde
1226 1905 1264 1941 et
1300 1903 1487 1952 quasdam
1515 1902 1555 1941 in
1584 1917 1651 1940 au-

81 1971 201 2011 tentis
229 1983 271 2009 ac
298 1971 424 2020 plagis
452 1970 701 2019 symphonias
730 1969 955 2019 reperimus,
987 1983 1059 2019 que
1089 1983 1134 2007 ex
1163 1971 1245 2008 sola
1266 1969 1501 2007 diatessaron
1522 1970 1590 2006 aut
1609 1981 1653 2007 ex

82 2038 167 2075 solu
195 2036 416 2075 efficiuntur
444 2036 624 2085 diapente
651 2036 714 2075 vel
742 2036 940 2086 diapason,
970 2049 1140 2085 quarum
1168 2036 1449 2085 perfectissima
1468 2035 1651 2084 diapason

84 2104 140 2141 est
168 2115 255 2152 quae
284 2115 332 2141 ex
361 2104 444 2141 toto
474 2103 717 2141 autenticum
747 2104 818 2140 aut
847 2115 891 2139 ex
919 2104 1003 2139 toto
1032 2101 1227 2151 plagalem
1258 2101 1376 2139 efficit
1395 2102 1566 2139 cantum.
1596 2099 1653 2138 Ex

83 2168 320 2206 diatessaron
348 2181 438 2206 vero
469 2169 507 2206 et
536 2168 715 2217 diapente
744 2167 892 2205 medius
922 2166 1088 2204 efficitur
1115 2165 1265 2212 modus,
1297 2166 1361 2214 qui
1390 2178 1458 2204 nec
1487 2164 1652 2203 autenti-

83 2247 166 2272 cam
196 2246 264 2272 nec
301 2245 463 2283 gravem
505 2233 661 2283 proprie
698 2233 828 2271 reddit
861 2234 1010 2281 partem
1048 2232 1250 2270 cantilene.
1284 2230 1394 2269 Unde
1436 2229 1652 2280 cujusmodi

84 2298 200 2337 fuerit
228 2299 392 2337 discenti
422 2311 498 2336 non
526 2299 642 2345 valet,
665 2300 798 2336 utrum
819 2299 979 2336 autento
1009 2299 1080 2337 aut
1099 2298 1214 2348 plage
1234 2297 1400 2336 conferri
1420 2297 1557 2344 valeat,
1579 2296 1653 2334 nisi

83 2377 128 2403 ex
157 2364 483 2404 distinctionibus.
515 2365 574 2402 Ex
604 2365 789 2414 diapason
817 2376 909 2415 ergo
940 2365 978 2402 et
1006 2363 1185 2414 diapente
1214 2363 1379 2402 efficitur
1406 2363 1554 2409 modus,
1584 2363 1653 2412 qui

83 2433 121 2470 et
149 2431 390 2470 autenticam
419 2432 456 2468 et
484 2431 680 2480 plagalem
707 2430 866 2469 unisone
895 2432 1048 2468 resonat
1076 2430 1350 2479 quantitatem.
1379 2429 1519 2480 Igitur,
1541 2430 1586 2467 ut
1612 2429 1652 2466 in

84 2496 230 2540 ceteris,
260 2498 299 2535 et
326 2497 366 2534 in
400 2497 493 2535 trito
514 2496 635 2534 forme
655 2508 744 2534 cum
765 2496 930 2545 propriis
951 2495 1172 2545 antiphonis
1192 2495 1232 2532 in
1251 2497 1414 2533 autento
1435 2495 1654 2532 inferantur

83 2562 265 2608 tetrardo,
280 2574 374 2611 quas
394 2574 543 2600 necesse
572 2563 629 2600 est
648 2563 693 2599 ut
721 2561 950 2610 propositas,
980 2560 1174 2609 appositas
1196 2561 1233 2598 et
1252 2560 1471 2609 suppositas
1499 2558 1651 2597 habeat.

84 2628 306 2677 Propositas
336 2641 404 2677 per
444 2630 595 2673 tonum,
625 2627 816 2673 ditonum,
846 2626 1097 2664 semitonium
1138 2627 1176 2664 et
1211 2625 1400 2674 diapente,
1431 2637 1506 2673 que
1539 2624 1655 2662 simul

84 2693 255 2743 quinque
275 2693 393 2731 fiunt:
416 2693 509 2731 duas
524 2693 670 2732 scilicet
697 2705 765 2741 per
797 2694 937 2730 tonum
957 2694 995 2730 et
1014 2705 1134 2730 unam
1155 2704 1222 2740 per
1241 2689 1503 2737 semitonium,
1533 2701 1653 2727 unam

83 2772 174 2798 vero
203 2758 393 2808 diapente,
424 2759 601 2809 quintam
621 2771 711 2797 vero
731 2771 799 2807 per
819 2758 1007 2796 ditonum.
1029 2756 1257 2807 Suppositas
1278 2758 1409 2795 autem
1429 2769 1496 2806 per
1516 2757 1652 2795 tonum

148 2895 202 2940 (1)
231 2893 324 2930 Vedi
348 2892 596 2930 osservazioni
622 2892 657 2928 ai
684 2892 836 2938 capitoli
861 2891 1090 2938 precedenti.
