2012 3182
341 144 408 177 380
923 139 1069 174 GUIDO
1096 137 1310 173 ARETlNo

339 238 662 278 distinctionum
704 223 760 275 ad
793 236 968 289 quintas
1009 233 1253 287 intendere,
1286 248 1390 278 cum
1424 234 1460 274 ὣ
1492 234 1544 274 ad
1579 240 1754 289 quartas
1798 247 1896 288 per-

337 323 435 349 raro
468 307 602 348 soleat
635 307 811 347 evenire
840 307 920 359 (1).
953 306 1005 346 In
1042 304 1260 346 authentis
1292 319 1413 358 ver0,
1455 309 1612 359 praeter
1653 305 1892 356 deuterum,

340 379 490 420 eadem
517 378 732 433 principia
757 377 792 418 Sc
818 377 925 418 fines
953 376 1283 417 distinctionum
1316 376 1493 416 minime
1524 374 1625 415 licet
1657 375 1713 416 ad
1746 380 1892 416 sextas

339 449 578 502 intendere,
612 449 750 505 plagae
793 463 897 489 vero
930 449 1043 502 proti
1077 446 1146 488 vel
1179 448 1273 488 triti
1307 446 1363 487 ad
1398 440 1548 487 tertias
1579 446 1835 500 intendunt,
1869 455 1897 491 «ξι

339 523 474 578 plagae
507 521 676 562 deuteri
711 520 955 561 &tetrardi
988 519 1044 560 ad
1078 524 1255 574 quartas
1288 517 1532 561 intendunt.

399 593 652 635 Memineris
684 598 907 648 praeterea,
941 590 1055 646 quod
1087 591 1200 631 sicut
1232 587 1446 630 usualium
1479 595 1687 630 cantuum
1719 594 1899 629 attesta-

340 667 454 707 tione
477 663 741 720 perhibetur,
765 663 960 704 authenti
987 663 1062 704 vix
1096 678 1121 703 a
1154 677 1229 703 suo
1256 661 1340 702 fine
1367 661 1463 716 plus
1485 676 1573 702 una
1595 676 1700 702 voce
1724 661 1897 702 descen-

340 737 463 778 dunt.
497 736 568 777 Ex
601 735 760 790 quibus
792 735 1027 776 authentus
1059 735 1189 775 tritus
1221 733 1442 774 rarissime
1475 733 1519 773 id
1552 732 1693 774 facere
1725 738 1901 788 propter

341 808 582 855 subiectam
614 807 833 848 semitonii
866 805 1238 861 imperfectionem
1264 804 1450 845 videtur.
1477 804 1901 853 Ascendunt,aute1n

342 880 540 938 authenti
569 893 703 934 usque
729 879 786 919 ad
807 884 1006 920 octavam
1035 887 1063 923 ἃς
1085 891 1257 929 nonam,
1286 875 1353 916 vel
1388 877 1520 916 etiam
1553 876 1778 916 decimam.
1811 875 1904 916 Pla-

342 967 404 1007 gae
438 966 539 992 vero
572 951 627 991 ad
660 951 832 1005 quintas
860 951 1144 991 remittuntur
1169 956 1198 992 &-
1229 947 1530 989 intenduntur.
1555 947 1640 988 Sed
1668 940 1902 988 intensioni

343 1029 469 1064 sexta
488 1022 556 1063 vel
579 1022 764 1078 septima
790 1023 1050 1062 auctoritate
1076 1019 1296 1072 tribuitur,
1332 1020 1445 1061 sicut
1472 1020 1514 1059 in
1539 1018 1759 1075 authentis
1790 1033 1904 1060 nona

344 1098 374 1134 ὣ
400 1094 584 1136 decima.
618 1093 763 1148 Plagae
797 1092 897 1134 ve'ro
930 1093 1062 1148 proti,
1086 1091 1265 1144 deuteri,
1291 1098 1320 1134 &-
1347 1091 1436 1131 triti
1466 1090 1698 1146 aliquando
1726 1092 1768 1131 in
1796 1106 1822 1130 a
1848 1090 1904 1142 h'c

345 1173 494 1208 acutas
528 1165 770 1207 necessario
802 1164 1061 1205 fininuntur.

404 1236 677 1293 Supradictae
705 1242 852 1277 autem
877 1236 1035 1291 regulae
1063 1235 1333 1291 permaxime
1356 1239 1566 1275 caventur
1589 1234 1632 1274 in
1654 1232 1906 1288 antiphonis

345 1316 387 1350 et
414 1308 710 1364 responsoriis,
744 1322 926 1363 quorum
958 1313 1112 1347 cantus
1139 1313 1185 1347 ut
1218 1305 1396 1362 psalmis
1419 1314 1447 1350 &
1474 1304 1674 1346 versibus
1701 1309 1904 1360 coapten-

347 1388 430 1435 tur,
465 1386 644 1436 oportet,
679 1377 981 1420 communibus
1023 1378 1184 1432 regulis
1227 1376 1477 1417 fulciantur.
1510 1375 1717 1431 Alioquin
1759 1374 1906 1430 plures

348 1460 502 1496 cantus
533 1453 741 1504 invenies,
775 1452 820 1492 in
852 1450 1010 1506 quibus
1051 1449 1157 1491 adeo
1190 1448 1472 1490 confunditur
1503 1448 1698 1502 gravitas
1740 1457 1769 1493 ὃς,
1806 1461 1907 1488 acu-

347 1540 458 1578 men,
480 1531 528 1566 ut
554 1539 640 1566 non
660 1524 795 1580 possit
817 1522 1004 1575 adverti,
1024 1523 1095 1563 cui
1114 1522 1265 1576 magis,
1290 1521 1335 1562 id
1362 1509 1439 1573 est,
1461 1519 1670 1561 authento
1691 1534 1747 1560 an
1770 1518 1907 1574 plagae

348 1596 645 1638 conferantur.
685 1595 901 1636 Praeterea
944 1603 973 1639 ὣ
1007 1595 1052 1634 in
1092 1594 1339 1647 ignotorum
1372 1597 1579 1633 cantuum
1612 1590 1908 1646 inquisitione,

347 1668 655 1724 praedictarum
677 1681 934 1708 neumarum
956 1676 984 1712 ὦ
1006 1664 1360 1721 subjunctionum
1379 1664 1650 1719 appositione
1672 1662 1908 1718 plurimum

348 1741 621 1792 adiuvamur,
648 1754 747 1780 cum
779 1727 932 1779 talium
958 1736 1209 1793 aptitudine
1232 1737 1325 1778 soni
1353 1736 1564 1791 cuiusque
1597 1734 1909 1790 proprietatem

349 1827 425 1868 per
457 1812 547 1852 vim
580 1812 794 1866 tropicam
826 1811 1058 1851 intuemur.
1088 1809 1168 1853 Est
1194 1815 1339 1850 autem
1367 1815 1516 1863 tropus
1548 1808 1713 1862 species
1746 1806 1909 1848 cantio-

350 1875 432 1937 nis,
464 1884 536 1939 qui
571 1892 600 1929 85
631 1882 783 1924 modus
816 1882 958 1923 dictus
992 1888 1068 1935 est,
1103 1888 1145 1922 et
1179 1881 1322 1922 adhuc
1355 1879 1589 1921 dicendum
1621 1885 1685 1919 est
1718 1878 1770 1920 de
1803 1892 1866 1920 eo.

962 2105 1163 2149 CAPUT
1198 2104 1309 2146 XIV

740 2253 798 2280 DE
831 2251 999 2291 TROPIS,
1032 2251 1089 2278 ET
1122 2249 1322 2278 VIRTUTE
1355 2249 1527 2277 MUSICAE

414 2384 580 2424 Horum
614 2381 792 2437 quidam
837 2387 1057 2436 troporum
1091 2379 1320 2421 exercitati
1354 2392 1434 2419 usu
1473 2378 1535 2418 ita
1567 2377 1854 2432 proprietates
1887 2384 1915 2420 ἃ

356 2454 568 2496 discretas
601 2453 747 2505 facieS,
776 2459 824 2493 ut
852 2453 914 2493 ita
940 2451 1095 2504 dicam,
1130 2451 1346 2506 externplo
1374 2456 1422 2491 ut
1453 2448 1687 2501 audierint,
1714 2461 1915 2502 recogno-

355 2532 495 2580 scunt,
519 2527 631 2566 sicut
653 2525 815 2580 peritus
838 2525 1034 2580 gentium
1056 2537 1202 2564 coram
1226 2521 1377 2578 positis
1400 2519 1548 2561 multis
1570 2518 1744 2559 habitus
1769 2532 1915 2559 eorum

357 2598 518 2639 intueri
560 2602 700 2664 potest
742 2595 974 2642 &diceret
1021 2595 1093 2636 hic
1125 2593 1305 2636 Graecus
1347 2599 1424 2644 est,
1463 2591 1534 2632 ille
1576 2590 1814 2646 Hispanus,
1847 2589 1916 2631 hic

358 2671 544 2711 Latinus
577 2677 606 2714 8⁶
639 2667 711 2709 ille
744 2668 1024 2719 Teutonicus,
1057 2667 1136 2708 iste
1170 2680 1272 2707 vero
1306 2663 1482 2707 Gallus:
1515 2668 1646 2717 atque
1686 2662 1747 2702 ita
1773 2660 1917 2702 diver-

407 2828 460 2872 (1)
494 2825 646 2859 Videtur
673 2824 890 2870 legendum:
919 2823 1059 2857 soleant
1080 2822 1281 2866 pervenire.

1196 2928 1209 2945 0
