1996 3150
652 233 797 269 GUIDO
826 230 1037 266 ARETINO
1554 224 1619 258 401

131 334 192 376 Ut
222 331 386 374 nullius
419 332 538 373 vocis
569 344 699 371 sonus
731 329 847 370 idem
878 329 935 369 sit
967 328 1013 369 in
1047 326 1200 368 altera.

132 403 324 444 Vocibus
356 410 500 444 tamen
534 402 579 442 in
611 382 780 456 septem.
806 398 1001 455 quaedam
1033 403 1097 438 est
1129 394 1373 438 concordia.

130 474 251 530 Saepe
285 475 414 527 enim,
448 474 483 514 si
515 486 814 526 non·semper,
850 470 1001 511 eadem
1034 468 1273 523 antiphona

132 546 329 587 Diversis
362 550 563 587 cantatur
596 543 725 595 sonis,
760 556 839 582 nec
872 546 1011 582 mutat
1042 539 1329 580 harmoniam.

549 698 614 738 DC
640 701 823 751 quatuor
850 694 981 734 modis
1014 707 1157 734 vOCme.

134 830 299 885 Nempe
331 834 517 883 quatuor
550 831 649 866 sunt
681 824 796 865 modi
828 825 873 864 in
907 823 1093 878 septenis
1126 820 1303 873 voculis,

136 901 298 956 Magna
330 914 435 940 cura
468 896 774 953 cognoscendi:
809 911 912 951 quos
944 894 1197 936 Graecorum
1229 892 1379 948 regula

136 972 330 1024 Protum,
364 970 604 1021 deuterum,
638 969 802 1019 tritum,
837 981 888 1007 ac
919 965 1161 1007 tetrardum
1193 965 1429 1005 nominat:⁸

137 1044 294 1085 Protus
325 1042 503 1098 primus,
537 1042 576 1080 ὅ(
607 1039 821 1080 secundus
854 1040 1103 1080 nominatur
1136 1037 1353 1077 deuterus.

137 1115 289 1155 Tritus
321 1113 474 1154 tertius
505 1118 700 1163 vocatur,
733 1117 912 1165 quartus
944 1115 1046 1149 vero
1079 1106 1312 1148 tetrardus.

139 1185 391 1226 Ordinatim
424 1183 716 1237 disponuntur
747 1180 895 1221 taliter
927 1181 972 1220 in
1006 1178 1200 1220 vocibus.

366 1342 433 1382 De
474 1339 702 1380 Vicinitate
735 1351 878 1378 vocum
907 1350 985 1390 per
1017 1340 1202 1390 qicatuor
1234 1332 1373 1377 modos

82 1468 88 1475 ’
142 1472 341 1526 Namque
375 1470 512 1525 prima
544 1483 632 1510 vox
664 1468 702 1506 ἃ
734 1472 891 1522 quarta
922 1466 1111 1521 primum
1143 1463 1318 1504 modum
1351 1460 1578 1511 exhibent;

144 1542 205 1584 At
236 1541 469 1583 secundam
502 1540 578 1581 dat
609 1538 813 1595 secunda,
846 1544 976 1592 atque
1009 1536 1162 1591 quinta
1193 1535 1371 1590 pariter.

145 1614 295 1655 Tertia
328 1612 485 1654 collata
519 1617 650 1652 sextae
683 1624 795 1665 saepe
827 1613 977 1650 cantat
1009 1607 1174 1648 eadem.

146 1687 362 1739 Quartum
395 1684 573 1725 modum
605 1683 672 1723 his
704 1681 906 1736 adiungit
938 1680 1171 1734 singularis
1206 1679 1401 1734 septima,

144 1757 250 1809 Quae
282 1763 429 1798 tamen
462 1755 507 1796 in
539 1752 750 1795 elevando
784 1757 909 1794 sonat
941 1752 1054 1792 sicut
1086 1751 1230 1803 tertia,

144 1827 460 1869 Descendendo
493 1826 577 1867 sibi
609 1831 812 1881 quartam
843 1822 1044 1879 perhibet
1078 1820 1360 1863 sororculam.

384 1983 450 2023 De
481 1980 758 2022 similitudine
797 1978 908 2020 vocis
934 1977 1088 2033 primae
1120 1975 1159 2014 &
1191 1975 1348 2030 quinne

148 2115 227 2155 Est
258 2118 468 2168 praeterea
500 2125 598 2152 cum
630 2111 774 2166 prima
805 2107 935 2150 valde
968 2107 1123 2163 quinta
1155 2103 1325 2158 similis,

150 2184 236 2228 Sed
268 2185 312 2225 in
344 2181 596 2239 deponendo
629 2187 822 2233 tantum3
854 2192 1043 2234 namque
1076 2177 1112 2218 si
1143 2176 1366 2218 notaveris

151 2255 391 2299 Semitonia
423 2254 462 2292 &
494 2260 628 2306 tonos,
661 2252 755 2307 hoc,
787 2257 836 2291 ut
868 2248 1008 2302 audis,
1042 2247 1220 2288 videris.

150 2328 345 2382 Reliquae
377 2326 464 2366 iam
496 2339 596 2366 vero
628 2338 756 2365 voces
789 2321 872 2363 sibi
904 2319 1033 2361 valde
1065 2317 1292 2372 dissident,

152 2399 286 2442 Suam
318 2411 500 2453 quaeque
532 2395 639 2437 facit
671 2408 876 2436 neumam
909 2391 1037 2433 alteri
1070 2389 1323 2432 dissimilem

151 2471 302 2526 Neque
334 2484 420 2510 suae
454 2467 566 2509 sedis
598 2466 740 2508 locum
774 2465 849 2506 dat
880 2478 1046 2505 neumae
1079 2468 1311 2504 extraneae.

355 2624 462 2665 Item
494 2622 542 2663 de
574 2627 759 2678 quatuor
792 2619 926 2675 tropis
958 2618 1003 2658 in
1035 2623 1123 2659 octo
1157 2615 1390 2671 dispertitis

154 2752 275 2807 Aure
307 2758 455 2794 tamen
488 2753 671 2805 curiosa,
707 2750 835 2793 valde
868 2749 950 2791 erit
980 2747 1104 2802 utile,

157 2825 204 2868 Si
235 2823 436 2865 advertas
468 2824 507 2863 &
538 2838 784 2878 cognoscas,
817 2821 1046 2863 harmonia
1080 2817 1268 2875 qualiter

157 2895 354 2948 Quatuor
385 2901 566 2937 canatur
598 2893 738 2936 modis
770 2892 1084 2935 transformata
1117 2889 1275 2931 faeie:-

188 2988 276 3020 25.-
289 2988 425 3026 Bmm,
442 2988 542 3020 Gm'clc
555 2989 698 3020 Arelino.
