1996 3150
717 154 865 190 GUIDO
892 153 1084 189 ARETNO
1604 151 1673 186 463

107 252 323 290 Jerusalem
350 251 489 302 gaude.
546 276 572 305 0
916 251 962 289 In
991 263 1082 301 pace
1110 251 1234 289 factus
1264 252 1336 289 est.

104 316 161 354 De
189 316 267 354 celo
297 316 439 355 veniet.
921 316 966 353 In
996 315 1170 354 Gallilea.

106 381 344 432 Magnificat.
915 380 1000 419 Cito
1029 383 1174 419 euntes.

106 448 252 486 Afferte
281 447 458 486 Domino.
913 447 1038 485 Maria
1067 447 1209 486 stabat.

105 512 436 562 Redemptionem.
918 512 1036 550 Venit
1064 512 1202 550 Maria.

105 578 341 617 Mirificavit.
916 578 1065 616 Helena
1093 582 1239 617 sancta.

106 644 195 682 Non
223 645 315 681 sunt
342 644 505 693 loquele.
919 643 1181 682 Sebastianus.

107 708 180 754 Qui
209 721 269 747 me
298 709 479 759 dignatus
509 710 579 747 est.
916 708 1027 746 Dixit
1056 709 1262 747 Romanus.

108 776 170 814 Ad
198 778 237 814 te
266 776 312 814 de
334 777 434 813 luce.
917 774 1146 813 Valerianus
1176 776 1214 813 in
1243 775 1347 814 cubi.

106 841 202 880 Ecce
231 841 482 880 ascendimus,
916 841 1200 891 Interrogatus.

105 906 227 945 Lucia
254 907 379 957 virgo.
916 905 1110 944 Martinus
1141 906 1277 943 adhuc.

108 972 190 1023 Ego
219 973 367 1023 rogavi.
917 970 1084 1009 Martine
1112 971 1198 1009 misi
1230 983 1310 1009 nos.

108 1038 260 1085 Venite,
290 1038 482 1077 benedioa.
918 1037 1042 1075 Beata
1071 1036 1212 1075 Ceoilia

110 1104 200 1142 Non
227 1104 319 1142 totis
347 1105 540 1143 manibus.
919 1103 970 1140 Et
999 1103 1104 1140 erexi
1131 1102 1265 1141 Jacob.

110 1170 261 1208 Statuit
290 1183 345 1208 ea.
917 1168 1139 1218 Eruinpant
1167 1170 1328 1208 montes.

112 1236 215 1274 Dum
243 1235 465 1274 tribularer.

163 1325 265 1364 Sunt
291 1325 446 1375 quidam
478 1325 543 1374 qui
572 1338 617 1363 ex
646 1324 834 1375 principio
862 1325 1003 1362 harum
1031 1324 1334 1373 antiphonarum
1363 1323 1478 1362 aliam
1499 1322 1679 1374 colligere

108 1391 292 1429 nituntur
319 1391 577 1429 differentiam
606 1390 670 1428 sed
700 1391 767 1428 heo
787 1390 881 1428 mihi
902 1389 1096 1427 inutiliter
1128 1388 1210 1427 fore
1229 1389 1400 1428 videtur:
1422 1388 1523 1427 Sunt
1544 1390 1676 1427 autem

110 1458 158 1496 he
187 1459 225 1496 et
253 1457 323 1496 heo
351 1470 487 1496 earum
515 1457 740 1495 differentia.

879 1605 916 1642 II

108 1728 859 1790 -Ϋ-’ᾑ-Π--ψ-
860 1719 1143 1770 ³12——
1150 1725 1684 1777 ——ffl———j—

353 1840 483 1879 Gloria
683 1840 901 1879 seculorum
1266 1851 1387 1876 amen.
1443 1779 1543 1834 ——3-

111 1932 339 1970 Jerusalem.
925 1929 1000 1967 Pro
1030 1928 1170 1967 timore
1198 1930 1340 1966 autem.

111 1998 207 2035 Ecce
235 1996 451 2047 apparebit.
924 1994 963 2033 Si
993 1993 1227 2032 manseritis.

111 2063 206 2100 Ecce
233 2062 362 2100 mitto.
925 2059 963 2097 Si
994 2058 1287 2109 cognovisceris.

112 2127 256 2176 Joseph
284 2126 341 2164 fili
368 2125 506 2164 David.
926 2124 1107 2174 Philippe
1137 2123 1343 2174 quomodo.

114 2192 278 2242 Lapides
305 2193 509 2231 torrentes.
926 2191 1096 2240 Agatha.

115 2257 267 2296 Christo
297 2256 483 2306 quotidie.
925 2256 1008 2306 Ego
1036 2255 1241 2294 veritatem
1271 2254 1366 2292 dico.

114 2323 223 2362 Vade
251 2322 406 2360 Anania
926 2321 1102 2360 Ascendo
1133 2320 1181 2359 ad
1209 2322 1373 2370 patrem.

115 2389 273 2427 Juravit
299 2388 502 2426 Dominus.
925 2387 1101 2425 Audistis
1130 2386 1223 2436 quia
1253 2386 1417 2425 dictum.

113 2455 223 2494 Dixit
249 2456 360 2504 pater
388 2454 567 2492 familias,
923 2453 1032 2492 Dixit
1060 2453 1250 2491 Dominus
1279 2453 1328 2491 ad
1357 2453 1556 2491 cultorem.

169 2543 214 2581 In
242 2544 356 2581 finem
385 2543 600 2590 discordat3
629 2556 716 2582 cum
746 2544 846 2581 enim
867 2543 919 2582 sit
939 2556 984 2581 ex
1002 2543 1076 2581 isto
1106 2543 1210 2590 tono,
1240 2542 1399 2592 quidam
1429 2555 1514 2580 eam
1542 2540 1684 2580 finiunt

117 2610 270 2657 quarto,
299 2607 365 2646 sed
393 2608 445 2647 sic
475 2609 612 2647 melius
641 2608 795 2658 prolata
822 2609 947 2647 sonat.

371 2823 426 2861 Ut
559 2836 606 2872 qu
614 2823 651 2862 id
787 2823 904 2862 etiam
1038 2825 1180 2861 terram
1376 2822 1552 2870 occupat.
