2012 3182
270 113 338 148 430
866 111 1016 147 GUIDO
1044 111 1258 147 ARETINO

271 224 355 264 qua
382 223 552 264 semper
579 207 863 248 similitudine
885 221 983 248 cum
1006 209 1230 249 extraneis
1252 207 1563 263 admiscentur,
1585 209 1631 251 id
1652 215 1717 252 est
1739 224 1838 252 cum

273 280 334 320 cis
361 293 457 334 quac
484 278 664 319 alterius
693 277 809 319 modi
835 284 937 319 sunt
962 283 1113 334 utpote
1144 279 1191 320 D
1223 284 1266 320 et
1292 277 1333 319 A
1357 294 1454 334 quae
1480 279 1631 321 affines
1653 285 1767 334 sunt,
1793 279 1839 322 id

271 356 335 390 cst
357 350 486 391 unius
518 349 649 403 modi,
684 363 769 390 non
803 355 904 390 sunt
931 350 992 403 (l)
1016 363 1093 404 pro
1112 355 1250 391 totum
1277 349 1455 404 similes,
1483 350 1559 400 sed
1583 351 1840 406 singillatim

270 421 468 476 proprias
500 421 691 462 retinent
723 420 987 476 qualitates3
1022 420 1067 462 id
1095 426 1159 462 cst
1186 420 1287 463 dum
1310 423 1356 464 D
1382 421 1613 477 deponitur
1634 428 1748 476 tono,
1776 437 1840 464 se·

270 492 448 533 mitonio
481 498 524 533 et
557 493 728 545 iterum,
762 491 961 534 elevatur
994 497 1108 544 tono,
1143 493 1384 546 semitonio,
1434 493 1593 535 tritono
1632 501 1674 534 et
1715 494 1840 534 semi-

269 563 418 604 ditono
451 578 590 618 usque
622 563 677 604 ad
705 562 828 604 aliud
861 563 889 603 cl
914 568 1106 604 acutum.
1142 563 1342 619 Itemque
1365 562 1405 603 A
1431 563 1579 606 ditono
1607 563 1841 620 deponitur

269 639 312 674 ct
344 633 613 688 semiditono,
649 634 848 675 elevatur
881 640 1027 675 autem
1061 649 1137 689 per
1169 639 1330 688 tonum,
1360 635 1638 676 semitonium
1660 641 1702 676 et
1729 635 1839 676 dito-

269 719 373 745 num
404 710 446 745 ct
478 704 614 746 alium
648 706 927 746 semitonium
960 712 1002 746 ct
1035 705 1235 746 ditonum
1268 720 1406 761 usque
1439 706 1495 747 ad
1528 706 1645 747 aliud
1679 721 1706 746 a
1738 720 1840 747 aeu-

269 782 375 817 tum.
399 775 486 817 Sed
509 777 614 818 satis
636 791 752 818 nune
772 783 990 819 ostensam
1015 792 1107 819 esse
1131 777 1535 819 dissimilitudinem
1559 779 1674 819 inter
1691 777 1841 819 affines

269 861 395 888 voces
414 847 622 900 arbitror;
641 863 757 889 nunc
775 854 817 889 ct
833 848 1043 889 similium
1062 863 1217 890 vocum
1237 849 1473 890 edisseram
1490 848 1840 891 similitudinem.

269 918 379 960 Cum
413 920 528 960 enim
561 921 606 962 D
639 920 694 960 sit
728 926 891 976 protus,
926 927 968 961 et
1009 918 1048 960 G
1083 920 1316 975 tetrardus,
1350 926 1536 977 utraque
1570 926 1714 962 tamen
1739 926 1841 963 tono

268 996 311 1031 ot
337 991 564 1032 semitonio
598 997 639 1033 et
674 991 823 1032 ditono
871 991 1148 1047 deponuntur
1190 997 1232 1032 et
1271 1007 1321 1032 ca
1362 991 1624 1047 symphonia
1667 1007 1762 1048 quae
1795 994 1842 1035 D

268 1063 531 1116 continetur,
565 1064 600 1104 si
634 1064 691 1104 sit
724 1062 970 1119 depositiva
1003 1063 1320 1117 tantummodo,
1355 1070 1398 1104 et
1448 1062 1487 1104 G
1529 1065 1628 1105 cani
1670 1070 1838 1120 potest:

267 1134 382 1190 quod
415 1134 609 1191 exemplo
643 1141 766 1191 patet
799 1136 844 1177 in
879 1135 1149 1192 antiphona:

268 1257 338 1322 Γ
411 1251 504 1309 f„
676 1267 739 1324 1
863 1267 1027 1313 1:2-
1124 1255 1146 1310 ε
1239 1243 1346 1301 r-
1576 1251 1839 1326 Ξ-εῑ-

386 1357 576 1414 Spiritus
723 1359 837 1401 alme
1051 1360 1292 1401 illustrator
1474 1362 1668 1401 omnium
1688 1361 1767 1414 (2).

1030 1536 1071 1577 V

297 1657 354 1684 DE
387 1657 603 1685 MODORUM
631 1657 838 1690 QUATUOR
871 1657 1123 1686 GENERIBUS
1156 1656 1400 1690 EORUMQUF:
1433 1656 1807 1687 PARTICIPATIONE

601 1729 689 1757 CUM
723 1729 1075 1758 DIFFERENTIBUS
1108 1728 1497 1758 DIS'PINCTIONIBUS

326 1844 437 1886 Sunt
470 1851 615 1886 autem
649 1845 765 1887 modi
800 1861 955 1887 vocum
990 1853 1190 1901 quatuor,
1226 1846 1269 1887 id
1302 1853 1379 1900 cst,
1414 1853 1582 1903 protus,
1616 1848 1837 1903 deuterus,

265 1917 409 1968 tritus,
446 1916 696 1969 tetrardus,
731 1918 804 1972 qui
840 1923 882 1958 ct
914 1917 1095 1959 totidem
1130 1917 1382 1973 subjugales
1416 1918 1592 1960 habent.
1627 1919 1685 1961 Et
1718 1921 1834 1976 prin-

264 1987 428 2043 cipales
454 1987 631 2042 quidem
659 1988 890 2029 authentos
919 1989 1119 2043 dicimus,
1143 1989 1396 2045 suhjugales
1415 1996 1562 2032 autem
1585 1990 1737 2046 plagas
1760 2005 1837 2032 no—

264 2059 494 2099 minamus.
528 2059 692 2100 Eorum
735 2059 989 2100 differentia
1032 2060 1132 2101 talis
1176 2066 1266 2101 est:
1315 2076 1414 2102 cum
1454 2061 1641 2116 quilibet
1679 2068 1835 2103 cantus

265 2136 359 2171 octo
393 2129 574 2171 vocibus
608 2130 832 2184 ascendat,
877 2131 1113 2172 descendat
1160 2147 1261 2173 vero
1300 2133 1507 2188 quinque,
1547 2139 1679 2188 atquc
1719 2134 1837 2174 inter

265 2215 412 2241 omncs
434 2202 521 2242 sint
549 2200 792 2255 duodecim,
817 2217 904 2243 una
928 2217 983 2243 ex
1005 2202 1071 2243 his
1094 2202 1160 2243 bis
1186 2209 1488 2257 annumerata,
1505 2218 1661 2258 graves
1686 2218 1836 2246 omnes

264 2287 363 2313 cum
383 2272 610 2327 aliquanta
629 2278 752 2328 parte
769 2279 996 2315 acutarum
1015 2273 1154 2329 plagis
1170 2274 1487 2316 attribuuntur.
1501 2275 1634 2316 Porro
1653 2274 1837 2316 authen-

263 2343 319 2384 tis
347 2349 514 2384 cunctae
534 2350 673 2385 acutae
692 2359 790 2385 cum
809 2344 1051 2400 aliquantis
1068 2346 1270 2400 gravium
1288 2347 1567 2387 conveniunt.
1586 2346 1836 2401 Notatoque

264 2413 379 2469 quod
413 2415 500 2455 sint
533 2421 620 2455 tres
654 2429 809 2455 vocum
845 2415 1033 2470 ordines,
1067 2416 1112 2457 id
1145 2422 1209 2458 est
1241 2432 1413 2472 graves,
1438 2417 1589 2458 mediae
1617 2422 1659 2458 ct
1686 2423 1835 2471 acute3

263 2499 317 2525 ex
353 2485 508 2540 quibus
542 2485 695 2527 mediae
726 2500 897 2541 semper
925 2493 1222 2530 annectuntur
1253 2489 1481 2544 utrisque3
1514 2495 1654 2529 acutae
1687 2494 1836 2530 autem

311 2659 364 2704 (1)
393 2658 502 2693 Gerb.
529 2660 579 2694 ha
599 2664 708 2705 proto
736 2664 826 2695 tum.

310 2718 364 2760 (2)
394 2717 575 2754 Gerbcrto
601 2724 692 2755 nota
717 2723 853 2766 questa
880 2720 1055 2756 antifona
1082 2733 1151 2757 con
1178 2722 1210 2758 le
1237 2722 1391 2767 lettere3
1409 2721 1493 2758 anzi
1513 2723 1563 2758 ha
1588 2723 1626 2758 la
1646 2723 1725 2759 sola
1749 2723 1832 2760 Cin

264 2788 460 2822 princlpxo.
