1996 3150
636 166 784 202 GUIDO
811 167 1022 202 ARETINO
1552 162 1620 197 433

164 563 297 602 Gloria
405 563 621 601 seculorum
702 574 827 599 amen.
941 561 1098 609 Apertis
1313 561 1516 599 thesauris,

59 661 206 699 Diffusa
233 662 301 698 est.
871 655 1059 693 Dominus
1086 655 1201 692 Jesus
1232 667 1298 704 per
1327 668 1455 704 quem.

58 726 197 764 Veniet]
225 725 416 764 dominus.
872 722 1037 772 Exurge,
1067 721 1246 767 Domine,
1277 722 1317 758 et
1340 720 1487 770 judica.

62 793 236 830 Laudate
265 791 479 830 dominum.

115 883 161 920 In
190 882 382 932 premissis
412 882 633 931 antiphonis
661 881 859 932 preposita
877 882 936 920 est
955 878 1152 918 distinctio
1173 890 1241 928 per
1269 877 1448 916 ditonum
1476 877 1516 914 in
1545 876 1633 914 sub-

62 949 286 1000 sequetibus
315 948 502 999 apposita.

835 1067 870 1104 X

64 1189 320 1224 1:31-
346 1179 861 1231 ..Γ-ι
912 1190 1027 1237 ἦ,
1126 1191 1144 1208 ι
1435 1181 1644 1242 *ζ-

255 1295 386 1334 Gloria
564 1294 780 1332 seculorum
1007 1307 1131 1331 amen.
1396 1290 1510 1328 Leva.

70 1387 195 1425 Erunt
222 1386 339 1436 primi
367 1384 565 1424 novissimi
884 1384 938 1421 Hi
964 1387 1055 1422 sunt
1087 1383 1153 1433 qui
1184 1396 1283 1424 cum.

71 1455 142 1501 Ite,
171 1454 298 1492 dicite.
884 1451 1047 1490 Mittens
1075 1451 1146 1488 hec
1174 1450 1324 1488 mulier.

72 1521 254 1558 Miserere
283 1520 370 1567 mei,
400 1520 517 1558 Deus.
886 1517 992 1555 Tunc
1021 1516 1194 1567 precepit
1224 1528 1298 1554 eos.

74 1586 156 1632 Exi,
186 1587 263 1624 cito
292 1586 333 1623 in
361 1586 520 1635 plateaS.
885 1583 1034 1621 Vadam
1066 1583 1114 1621 ad
1144 1584 1306 1632 patrem.

75 1651 159 1688 Scio
189 1651 310 1700 cujus.
885 1648 1078 1686 Dominus
1104 1647 1225 1695 dedit,
1254 1647 1454 1685 Dominus.

76 1715 169 1754 Vidi
198 1716 412 1754 dominum.
890 1713 970 1752 Vos
999 1714 1124 1752 amici.

78 1782 182 1820 Leva
208 1782 436 1820 Jerusalem.
895 1778 1028 1817 Sancti
1057 1780 1124 1828 qui
1152 1781 1320 1830 sperant.

79 1848 172 1888 Eece
200 1849 330 1887 veniet
357 1849 474 1887 Deus.
891 1846 1034 1885 Fontes
1064 1848 1114 1884 et.

577 1960 725 1980 EXPLICIT
747 1959 843 1980 PRIMA
865 1959 944 1979 1³.st
964 1958 1054 1978 prum
1076 1958 1157 1977 Monl

687 2110 984 2151 CAPITULUM
1011 2110 1050 2148 Π

478 2221 646 2248 SECUNDA
676 2221 770 2247 PARS
800 2220 971 2247 EIUSDEM
999 2220 1095 2246 MODI
1122 2220 1266 2245 INCIPIT

139 2325 430 2377 superscriptus
449 2326 579 2363 autem
599 2325 737 2374 protus
756 2323 797 2361 in
816 2335 907 2361 voce
927 2324 1069 2372 quarta
1089 2321 1195 2372 apud
1215 2321 1401 2371 quosdam
1418 2320 1550 2370 agitur
1571 2332 1656 2357 eum

87 2393 266 2432 omnibus
286 2391 466 2430 formulis
485 2390 561 2429 sibi
579 2390 795 2441 assignatis.
828 2389 1020 2435 Quoniam
1049 2390 1178 2427 autem
1203 2391 1232 2425 C
1249 2388 1431 2433 litteram,
1453 2399 1526 2436 que
1555 2385 1658 2434 apud

88 2461 235 2498 veteres
263 2457 381 2496 tertia
408 2457 638 2502 habebatur,
667 2468 736 2505 pro
767 2457 870 2494 certo
892 2454 1148 2504 comperimus
1169 2467 1213 2492 ex
1232 2465 1482 2491 numerorum
1510 2452 1659 2490 ratione

89 2525 170 2563 fore
198 2523 385 2573 primam3
415 2522 554 2560 idcirco
583 2522 684 2560 hunc
712 2523 869 2571 protum
898 2522 934 2559 in
968 2525 1013 2568 D,
1045 2521 1084 2558 id
1113 2522 1171 2558 es‘t¹
1198 2518 1365 2558 secunda
1398 2519 1543 2565 littera,
1572 2530 1658 2555 eum

91 2589 272 2629 omnibus
317 2589 495 2626 formulis
542 2587 748 2637 assignatis
794 2587 1062 2636 disposuimus.
1100 2585 1310 2624 Noluimus
1356 2585 1488 2622 autem
1524 2595 1658 2620 vocum

91 2656 250 2695 modum
270 2655 308 2692 in
327 2654 470 2693 litteris
490 2656 656 2702 mutare,
675 2667 721 2691 ne
750 2666 858 2691 error
885 2653 1016 2691 minus
1037 2652 1241 2702 capacibus
1262 2652 1370 2690 fieret
1394 2649 1660 2699 permaximus.

92 2722 177 2760 Hoc
203 2722 362 2760 tantum
391 2720 608 2758 studuimus
628 2722 676 2758 ut
695 2732 740 2758 ea
759 2732 845 2766 vox,
867 2732 942 2769 que
963 2719 1171 2757 secundum
1191 2729 1439 2755 numerorum
1459 2715 1662 2759 rationem,

94 2789 219 2838 prima
248 2789 343 2834 erat,
371 2788 453 2826 loco
483 2789 608 2837 primo
629 2798 868 2836 poneremus,
891 2786 989 2824 etin
1008 2784 1238 2827 monocordo
1268 2783 1394 2837 prima
1421 2781 1662 2835 affigeret-ur,

95 2856 248 2894 servata
275 2854 350 2895 sibi
377 2854 621 2904 antiquitatis
649 2853 776 2895 forma
803 2854 842 2891 et
869 2852 1006 2904 speeie.
