1996 3150
680 225 827 260 ‹HJIDO
855 225 1065 260 ARETINQ
1587 224 1655 257 373

101 326 310 380 diapason
343 324 454 364 latus
488 325 548 364 ita
581 327 795 377 convenit,
830 330 876 364 ut
909 324 978 364 cui
1014 323 1167 364 litterae
1200 338 1225 363 a
1258 320 1465 377 gravibus
1497 321 1657 362 diates-

101 410 225 437 saron
259 395 417 449 reddit,
451 395 591 437 eidem
624 396 668 436 in
702 392 840 436 acutis
886 409 963 450 per
1007 394 1209 451 diapente
1252 394 1499 447 conveniat,
1532 399 1580 434 ut
1612 393 1657 433 in

99 467 311 522 superiori
343 467 486 520 figura
517 472 705 520 notatur,
741 467 776 507 ἅτ
809 467 877 507 cui
911 481 936 506 a
968 465 1176 520 gravibus
1215 465 1419 520 diapente
1451 462 1649 516 contulit,

101 538 242 580 eidem
266 554 290 579 a
312 538 606 594 superioribus
639 538 906 579 diatessaron
941 537 1078 590 dabit,
1111 543 1159 577 ut
1181 535 1219 576 A
1246 537 1289 576 Ε
1307 552 1334 576 α
1352 535 1389 576 A
1414 536 1530 577 enim
1556 536 1592 577 &
1618 536 1661 576 E

103 611 146 651 in
179 610 444 665 depositione
477 609 753 660 concordant,
787 624 883 664 quae
917 615 1099 663 utraque
1145 607 1310 649 duobus
1344 608 1454 648 tonis
1488 608 1660 648 semito-

101 682 257 738 nioque
289 681 527 723 conficitur.
561 681 758 736 Itemque
794 679 832 722 G
865 676 963 721 cum
986 679 1039 720 ad
1069 677 1106 719 C
1126 680 1161 719 ἃ
1188 680 1232 721 D
1260 694 1334 734 per
1358 679 1532 720 easdem
1565 693 1660 734 spe-

101 754 188 794 cies
205 760 387 804 resonet,
404 752 532 792 unius
550 751 858 806 depositionem
879 751 1141 806 alteriusque
1162 751 1445 792 elevationem
1463 752 1660 806 sumpsit.

102 824 213 864 Nam
237 823 272 864 ἅτ
303 821 340 864 C
362 822 398 863 ἅ,
428 822 466 864 G
493 821 660 863 duobus
689 823 798 862 tonis
827 823 989 877 pariter
1016 822 1051 862 ἅ
1076 822 1305 863 semitonio
1332 828 1527 876 surgunt,
1556 821 1591 862 ὦ
1618 822 1661 862 Ι)

103 895 138 935 ἅτ
175 894 213 936 G
245 901 345 935 tono
379 894 414 934 S:
446 895 677 935 semitonio.
706 895 868 949 pariter
891 893 1185 944 inflectuntur,
1220 893 1242 933 b
1275 908 1378 933 vero
1413 893 1658 944 rotundum,

101 967 202 1022 quia
215 968 358 1007 minus
376 973 441 1007 est
461 965 671 1021 regulare,
692 965 806 1021 quod
823 965 1078 1006 adiunctum
1096 965 1165 1006 vel
1184 964 1309 1006 molle
1328 965 1491 1016 dicunt,
1508 979 1603 1005 cum
1622 965 1665 1004 F

103 1037 235 1079 habet
267 1037 571 1090 concordiam,
591 1038 626 1078 ἃ
660 1036 754 1078 ideo
782 1037 977 1078 additum
1012 1043 1089 1090 est,
1124 1037 1226 1091 quia
1260 1037 1301 1076 F
1331 1051 1428 1076 cum
1456 1043 1612 1091 quarta
1637 1051 1662 1076 a

103 1125 147 1150 se
177 1109 191 1163 ὴ
224 1110 382 1150 tritono
417 1109 642 1150 differente
676 1108 885 1164 nequibat
911 1108 1071 1149 habere
1099 1107 1399 1149 concordiam:
1432 1113 1662 1163 utramque

104 1187 249 1222 autem
277 1181 298 1221 b
328 1179 342 1234 ἡ
376 1181 418 1221 in
453 1181 605 1221 eadem
636 1195 793 1221 neuma
826 1194 910 1220 non
937 1181 1106 1234 iungas.
1134 1179 1186 1219 In
1214 1178 1363 1233 eodem
1397 1193 1499 1219 vero
1532 1185 1663 1219 cantu

104 1254 292 1294 maxime
319 1252 340 1292 b
368 1251 485 1293 molli
518 1253 696 1305 utimur,
722 1253 765 1292 in
791 1266 875 1307 quo
908 1252 949 1292 F
971 1250 1013 1306 f·
1030 1250 1217 1306 amplius
1251 1251 1532 1291 continuatur
1564 1265 1663 1305 gra-

104 1325 170 1365 vis
196 1324 259 1365 vel
288 1330 431 1377 acuta,
459 1322 532 1363 ubi
556 1323 591 1364 8:
619 1322 853 1379 quamdam
887 1322 1184 1363 confusionem
1207 1322 1242 1362 ἃ
1264 1321 1663 1362 trasformationem

56 1445 60 1450 .
105 1383 292 1436 videtur
317 1395 475 1449 facere,
506 1400 555 1435 ut
590 1394 628 1436 G
661 1400 782 1436 sonet
823 1400 1010 1450 protum,
1044 1409 1071 1433 α
1104 1393 1346 1446 deuterum,
1380 1408 1479 1433 cum
1512 1393 1606 1448 ipsa
1639 1392 1660 1433 b

104 1466 242 1507 mollis
274 1472 396 1507 sonet
427 1466 602 1518 tritum3
636 1465 751 1506 unde
783 1466 873 1506 eius
901 1480 925 1505 a
952 1465 1097 1505 multis
1129 1479 1208 1506 nec
1240 1465 1402 1505 mentio
1435 1459 1562 1505 facta'
1584 1470 1664 1505 est.

104 1536 301 1578 Alterum
333 1552 436 1578 vero
469 1537 483 1591 ἡ
514 1538 558 1577 in
591 1551 820 1577 commune
870 1536 1034 1592 placuit
1079 1536 1254 1578 habere.
1288 1535 1415 1587 Quod
1448 1536 1483 1576 si
1524 1536 1663 1591 ipsam

105 1609 127 1649 b
159 1609 328 1652 mollem
355 1610 421 1650 vis
454 1610 625 1651 omnino
659 1624 744 1650 non
777 1608 948 1661 habere,
983 1623 1174 1664 neumas,
1209 1609 1254 1649 in
1279 1607 1439 1663 quibus
1464 1609 1557 1663 ipsa
1583 1613 1660 1661 est,

106 1684 167 1722 ita
200 1688 409 1737 tempera,
441 1687 489 1722 ut
520 1696 597 1737 pro
630 1682 672 1721 F
706 1680 745 1722 G
777 1696 803 1721 α
835 1681 871 1721 Sc
903 1681 997 1735 ipsa
1031 1680 1052 1720 b
1087 1679 1248 1720 habeas
1284 1678 1322 1720 G
1354 1694 1381 1719 a
1413 1678 1427 1733 ὴ
1459 1694 1494 1728 c,
1523 1684 1599 1719 aut
1631 1679 1666 1719 si

105 1751 205 1794 talis
232 1759 295 1794 est
318 1767 490 1810 neuma,
519 1767 613 1808 quae
637 1758 732 1808 post
755 1752 799 1792 D
826 1752 869 1792 E
889 1752 932 1792 F
956 1752 1001 1791 in
1027 1751 1271 1792 elevatione
1298 1749 1394 1791 vult
1417 1749 1522 1790 duos
1544 1756 1666 1790 tonos

105 1824 140 1865 ἅ,
168 1825 454 1877 semitonium,
489 1823 604 1879 quod
637 1825 731 1879 ipsa
754 1823 775 1864 b
803 1822 941 1864 mollis
973 1822 1092 1875 facit,
1127 1828 1203 1863 aut
1235 1836 1329 1878 quae
1362 1827 1459 1877 post
1490 1822 1536 1863 D
1559 1821 1600 1861 E
1626 1821 1668 1861 F

105 1896 151 1936 in
183 1895 450 1950 depositione
482 1895 578 1936 vult
611 1895 717 1936 duos
750 1901 899 1948 tonos3
926 1909 1004 1950 pro
1031 1895 1076 1935 D
1098 1894 1142 1934 E
1161 1894 1203 1934 F
1226 1907 1396 1934 assume
1419 1908 1446 1933 a
1471 1894 1485 1947 ὴ
1511 1908 1546 1943 c,
1570 1906 1664 1948 quae

107 1966 299 2008 eiusdem
332 1972 432 2008 sunt
463 1967 591 2020 modi,
615 1967 651 2008 ἃ,
676 1966 908 2022 praedictas
935 1965 1201 2007 elevationes
1225 1964 1260 2005 Sa
1284 1955 1574 2020 depositiones
1597 1978 1665 2004 re-

104 2037 316 2092 gulariter
347 2038 524 2080 habent.
556 2037 818 2079 Huiusmodi
850 2038 966 2079 enim
1012 2037 1274 2078 elevationes
1308 2036 1343 2077 St„
1371 2035 1665 2092 depositiones

105 2109 218 2150 inter
250 2109 295 2149 D
315 2109 354 2149 Ε
370 2110 421 2162 F,
449 2109 485 2150 ἄ
512 2125 537 2150 α
556 2110 571 2163 ὴ
597 2124 618 2149 c
635 2109 750 2151 clare
767 2108 1018 2150 discernens
1039 2108 1338 2151 confusionem
1361 2109 1553 2149 maxime
1570 2122 1665 2149 con-

107 2182 288 2222 trariam
320 2180 447 2222 tollit.

163 2253 230 2294 De
263 2252 549 2294 similitudine
583 2267 737 2294 vocum
770 2267 909 2308 pauca
944 2253 1295 2308 perstrinximus,
1324 2251 1427 2306 quia
1455 2254 1666 2306 quantum

106 2322 341 2365 similitudo
365 2325 410 2365 in
428 2323 613 2365 diversis
637 2323 764 2365 rebus
792 2325 1076 2379 conquiritur,
1102 2330 1271 2364 tantum
1297 2324 1391 2378 ipsa
1419 2321 1666 2374 diversitas,

106 2408 183 2451 per
206 2409 336 2451 quam
354 2409 473 2436 mens
494 2395 673 2437 confusa
701 2394 863 2436 diutius
886 2395 1026 2450 potuit
1048 2394 1262 2448 laborare,
1288 2393 1525 2445 minuitur3
1558 2406 1667 2433 sem-

108 2480 185 2521 per
211 2469 326 2507 enim
347 2465 538 2507 adunata
561 2466 712 2507 divisis
736 2465 909 2507 facilius
932 2467 1180 2522 capiuntur.
1199 2465 1361 2506 Omnes
1387 2465 1534 2519 itaque
1549 2463 1666 2504 modi

109 2537 494 2593 distinctionesque
521 2537 746 2579 modorum
775 2537 840 2591 his
868 2537 1009 2579 tribus
1036 2543 1245 2593 aptantur
1277 2535 1456 2577 vocibus
1493 2534 1530 2576 C
1545 2536 1591 2576 D
1614 2535 1666 2575 E.

108 2609 422 2651 Distinctiones
454 2616 601 2650 autem
634 2608 731 2651 dico
765 2623 851 2661 eaS,
886 2623 981 2664 quae
1009 2624 1035 2650 a
1059 2609 1274 2665 plerisque
1307 2606 1562 2649 differentiae
1595 2619 1666 2646 vo-

112 2685 278 2732 cantur,
302 2679 381 2721 hoc
399 2687 462 2722 est
494 2701 511 2718 ‹<
528 2679 762 2722 seculorum
779 2695 913 2721 amen.
932 2694 954 2720 »
981 2680 1239 2721 Dis-ferentia
1259 2684 1405 2720 autem
1425 2677 1586 2718 idcirco
1605 2676 1668 2717 di-

110 2752 237 2805 citur,
271 2752 438 2807 eoquod
473 2752 692 2794 discernat
725 2766 799 2793 seu
826 2759 996 2808 separet
1022 2752 1176 2808 plagas
1208 2750 1263 2792 ab
1296 2749 1514 2801 autentis3
1547 2755 1667 2789 caete-

112 2837 209 2864 rum
240 2822 420 2864 abusive
453 2824 628 2865 dicitur.
660 2824 778 2879 Ergo
810 2839 957 2866 omnes
990 2840 1118 2866 voces
1141 2825 1235 2865 aliae
1262 2837 1360 2864 cuni
1386 2820 1451 2861 his
1476 2819 1666 2875 aliquam

114 2892 277 2934 habent
308 2894 598 2950 concordiam,
626 2910 700 2936 seu
722 2896 765 2936 in
794 2895 1061 2951 depositione
1085 2911 1159 2938 seu
1187 2897 1229 2936 iu
1257 2892 1518 2944 elevatione3
1542 2891 1667 2932 nullae
