1996 3150
711 155 860 190 GUIDO
885 154 1096 190 ARETINO
1625 153 1695 187 453

680 253 787 291 Justi
816 255 942 290 autem
974 253 1059 301 ipsi.

676 318 817 356 Saulus
846 320 975 356 autem
1005 320 1185 356 tremens.

879 467 932 503 IV

119 587 437 662 ss———ss‘
473 586 706 652 ,μὴ-,ψ
828 586 1008 620 ··—-··
1090 602 1112 620 ·
1229 602 1297 620 ι-
1368 601 1418 652 „2
1537 586 1697 636 .,-,;

442 690 574 728 Gloria
910 691 1121 728 seculorum
1424 703 1545 727 alneu.

122 785 167 823 In
196 786 352 823 domum
383 784 549 821 Domini.
937 785 983 822 In
1011 785 1218 824 mandatis.

125 849 285 888 Fidelia.
936 850 1022 887 Nisi
1053 850 1270 900 diligenter.

125 918 158 952 A
187 915 271 954 viro
301 916 446 964 iniquo.

895 1065 929 1100 XT

122 1201 784 1263 {Lssz--j—ss—ffif-—d
903 1201 1092 1262 3-AE-
1175 1201 1209 1252 *f
1284 1188 1404 1238 *ἐν
1460 1260 1468 1261 ff
1516 1188 1702 1263 ——-—-

417 1291 549 1330 Gloria
808 1293 1018 1330 ssculorum
1289 1306 1412 1331 amen.

128 1386 235 1435 Syon
263 1387 343 1424 noli
371 1387 536 1425 tardare.
942 1387 973 1425 O
1002 1399 1105 1425 mors
1134 1400 1211 1425 ero.

126 1452 233 1490 Vade
258 1454 343 1501 jam
371 1456 410 1490 et
440 1453 531 1490 noli.
941 1454 1081 1491 Factus
1110 1465 1197 1492 sum
1225 1453 1339 1498 sicut,

889 1602 943 1639 VI

149 1723 1516 1802 !„ssaffl1†—·
1614 1725 1705 1795 ‚I

424 1832 556 1870 Gloria
864 1832 1082 1870 seculorum
1379 1843 1501 1868 amen.

692 1935 890 1985 Diligebat
919 1936 1061 1972 autem.

695 2001 820 2039 Homo
849 2004 931 2038 erat

689 2067 805 2105 Pater
832 2067 998 2116 peccavi.

185 2176 287 2214 Hinc
325 2175 500 2225 proprias
536 2176 652 2224 hujus
682 2175 795 2224 plage
825 2173 1009 2211 formulas
1041 2176 1080 2211 et
1111 2174 1184 2210 alie
1214 2172 1486 2210 describuntur
1516 2185 1587 2221 que
1617 2173 1703 2211 nul-

131 2244 281 2282 latenus
310 2242 431 2291 hujus
459 2253 539 2279 esse
567 2242 741 2290 possunt,
770 2239 837 2277 sed
865 2241 955 2276 sunt
993 2239 1143 2276 autenti
1171 2237 1350 2283 tetrardi,
1380 2250 1475 2287 quas
1505 2238 1536 2275 si
1565 2238 1603 2275 in
1633 2238 1703 2276 hoc

131 2308 245 2346 modo
273 2308 505 2357 subiungere¹
535 2305 642 2350 velis,
671 2306 746 2343 erit
773 2305 864 2343 talis
893 2316 998 2342 error
1027 2306 1074 2341 ut
1102 2305 1184 2352 ejus
1214 2304 1339 2341 finalis
1367 2315 1441 2341 vox
1471 2303 1521 2341 sit
1559 2306 1587 2339 A
1627 2316 1704 2351 qua

130 2380 267 2424 protus
295 2373 454 2423 regitur.
485 2372 541 2409 Ac
572 2371 728 2408 demum
759 2370 884 2419 ipsum
918 2373 946 2406 A
974 2369 1178 2407 semitonio
1200 2369 1389 2415 elevatur,
1421 2381 1496 2418 que
1524 2370 1615 2406 tono
1645 2381 1705 2405 re-

131 2439 320 2490 gulariter
360 2438 596 2476 elevabat-ur.
640 2435 886 2485 Quapropter
927 2447 996 2472 nec
1035 2435 1238 2484 pervalcnt
1276 2447 1356 2472 esse
1398 2435 1512 2484 plage
1555 2433 1706 2471 deut-eri

132 2506 290 2555 propter
307 2503 551 2553 supradictas
585 2513 731 2540 causas.
761 2500 836 2538 Sed
855 2502 945 2538 sunt
965 2500 1138 2549 quidam,
1167 2501 1234 2549 qui
1263 2511 1325 2537 eas
1353 2499 1456 2548 proti
1486 2499 1599 2548 plage
1629 2510 1707 2536 esse

135 2572 297 2620 putant3
326 2568 392 2607 sed
419 2581 496 2607 non
523 2569 626 2613 sunt,
650 2567 745 2616 quia
763 2565 972 2604 secundum
993 2565 1187 2603 usualium
1208 2567 1393 2602 cantuum
1413 2563 1706 2602 attestationem

133 2635 372 2685 perhibetur,
403 2634 562 2671 minime
590 2633 717 2682 plagis
755 2633 892 2680 protus
921 2643 1038 2680 super
1075 2630 1232 2668 tertiam
1263 2643 1284 2667 a
1314 2629 1420 2666 finali
1449 2640 1539 2667 voce
1568 2628 1707 2666 distin-

135 2702 281 2740 ctiones
309 2700 459 2750 recipit,
490 2700 530 2737 in
558 2699 642 2737 istis
673 2697 895 2747 antiphonis
925 2696 1202 2745 prevaricatur.
1233 2696 1396 2745 Propter
1417 2695 1709 2733 dissolutionem

137 2780 228 2817 ergo
264 2766 561 2804 distinctionum
591 2767 631 2802 et
659 2763 862 2801 modorum
905 2762 945 2799 in
987 2761 1145 2799 vocibus
1183 2760 1512 2810 pronutiationem
1552 2760 1710 2797 minime

137 2834 314 2880 utrisque
343 2831 562 2868 conferetur
590 2830 737 2878 plagis:
767 2828 832 2865 sed
863 2829 1023 2865 autento
1053 2826 1226 2864 tetrardo
1257 2825 1384 2874 aptius
1412 2824 1670 2874 coaptabitur.
