2012 3182
307 148 378 216 412
893 180 1042 215 GUIDO
1069 180 1281 216 ARETINO

305 293 462 319 neuma
493 277 712 330 habuerit,
746 277 789 317 in
823 275 1113 318 monochordo
1146 277 1382 330 sonaveris,
1417 283 1547 332 atque
1578 277 1634 319 ab
1668 279 1759 333 ipso
1787 293 1864 319 au-

305 348 425 389 diens
457 354 682 403 tamquam
716 347 771 388 ab
804 347 976 388 homine
1008 348 1217 403 magistro
1246 348 1409 389 discere
1435 349 1608 403 poteris.
1644 348 1728 390 Sed
1760 364 1864 405 pue-

304 418 410 459 rulis
443 420 527 459 ista
568 424 630 460 est
675 418 841 473 regula,
875 419 910 459 ἃ
941 419 1054 460 bona
1102 419 1277 475 quidem
1319 418 1646 474 incipientibus,
1680 420 1865 475 pessima

304 495 449 531 autem
482 490 875 545 perseverantibus.
910 490 1014 532 Vidi
1055 492 1168 532 enim
1216 490 1373 532 multos
1395 490 1688 545 ,acutissimos
1731 490 1865 545 philo-

305 561 473 617 sophos,
508 562 578 616 qui
612 576 687 616 pro
721 561 863 602 studio
891 561 1019 602 huius
1053 563 1158 603 artis
1185 577 1269 603 non
1297 563 1432 603 solum
1457 561 1606 614 Italos,
1633 561 1708 602 sed
1736 562 1866 603 etiam

252 666 257 669 -
306 632 456 675 Gallos
483 639 612 688 atque
634 632 890 686 Germanos,
917 634 1115 688 ipsosque
1142 635 1275 674 etiam
1302 633 1480 675 Graecos
1514 634 1751 688 quaesivere
1780 647 1868 673 ma-

305 705 481 758 gistros,
514 703 588 744 scd
620 705 722 759 quia
755 705 800 744 in
833 703 915 745 hac
948 705 1035 745 sola
1062 704 1211 760 regula
1235 704 1384 745 confisi
1419 711 1532 757 sunt,
1556 718 1640 744 non
1663 703 1758 744 dico
1775 718 1867 744 mu—
1893 695 1902 705 ⁸

303 776 394 828 sici,
428 774 504 816 sed
538 790 675 830 neque
709 782 904 816 cantores
938 790 1143 830 umquam
1180 773 1288 828 fieri,
1317 775 1384 816 vel
1420 782 1588 816 nostros
1624 775 1867 830 psalmistas

304 845 506 900 puerulos
525 847 686 886 imitari
711 852 957 901 potuerunt.
977 846 1073 887 Non
1094 862 1195 901 ergo
1214 845 1422 887 debemus
1442 860 1610 901 semper
1628 860 1705 901 pro
1721 846 1867 900 ignoto

305 923 434 958 cantu
458 932 609 957 vocem
634 917 819 958 hominis
842 917 912 958 vel
936 917 1117 958 alicuius
1140 918 1420 974 instrumenti
1444 931 1650 972 quaerere,
1675 922 1722 956 ut
1744 916 1868 971 quasi

305 990 405 1030 caeei
438 989 666 1030 videamur
698 1003 935 1044 numquam
970 989 1060 1029 sine
1094 988 1271 1029 ductore
1298 988 1553 1044 procedere,
1582 987 1655 1028 sed
1683 986 1868 1042 singulo-

306 1075 402 1100 rum
436 1075 650 1111 sonorum,
687 1061 963 1115 omniumque
995 1059 1312 1115 depositionum
1339 1060 1373 1100 (Ἑ
1399 1059 1692 1100 elevationum
1725 1058 1868 1099 diver-

305 1134 454 1173 sitates
471 1134 843 1188 proprietatesque
861 1132 959 1173 altae
983 1134 1199 1173 memoriae
1221 1132 1538 1173 commendare.
1558 1131 1749 1172 Habebis
1768 1133 1869 1185 ergo

306 1211 610 1260 argumentum
639 1203 693 1244 ad
727 1203 1039 1244 inveniendum
1066 1203 1311 1244 inauditum
1345 1211 1523 1244 cantum
1555 1203 1810 1244 facillimum
1833 1202 1869 1243 ἃ

306 1274 672 1329 probatissimum,
705 1276 738 1315 si
773 1276 840 1328 sit,
875 1277 945 1330 qui
981 1291 1066 1316 non
1100 1276 1225 1316 modo
1260 1277 1432 1331 scripto,
1459 1275 1533 1316 sed
1568 1275 1711 1329 potius
1744 1274 1868 1314 fami-

306 1346 403 1386 liari
438 1345 725 1386 collocutione
766 1346 1003 1387 secundum
1037 1361 1200 1387 morem
1243 1353 1438 1387 nostrum
1478 1346 1647 1386 noverit
1679 1344 1868 1400 aliquem

306 1418 499 1458 ‹·docere.
535 1417 731 1472 Namque
765 1423 994 1472 postquam
1028 1417 1107 1458 hoc
1139 1424 1446 1472 argumentum
1480 1417 1572 1472 cepi
1605 1416 1751 1471 pueris
1782 1422 1869 1456 tra-

305 1489 418 1540 dere,
453 1495 554 1529 ante
596 1488 789 1530 triduum
833 1489 1007 1544 quidam
1043 1503 1190 1529 eorum
1231 1494 1465 1544 potuerunt
1503 1489 1671 1542 ignotos
1715 1493 1870 1528 cantus

303 1561 455 1602 leviter
488 1576 654 1612 cancre,
689 1560 802 1616 quod
830 1560 927 1601 aliis
954 1561 1222 1615 argumentis
1245 1575 1324 1601 nec
1352 1559 1498 1600 multis
1525 1557 1870 1600 hebdomadibus

306 1638 474 1687 poterat
501 1633 689 1673 evenire.

364 1704 407 1745 Si
438 1698 567 1759 quam
598 1717 698 1758 crgo
727 1717 878 1744 vocem
907 1702 1209 1750 velneumam
1237 1703 1303 1744 vis
1331 1702 1631 1744 ita'memoriae
1656 1715 1871 1742 commen-

305 1775 420 1826 dare,
449 1780 495 1815 ut
519 1774 779 1830 ubicumque
806 1775 925 1827 velis,
955 1775 996 1815 in
1027 1789 1298 1830 quocumque
1332 1780 1478 1827 cantu,
1507 1788 1633 1829 quem
1668 1773 1780 1814 scias
1803 1772 1870 1813 vel

306 1847 485 1897 nescias,
522 1845 601 1886 tibi
634 1860 734 1886 mox
766 1846 900 1901 possit
934 1861 1173 1899 occurrere,
1208 1853 1421 1902 quatenus
1452 1860 1554 1886 mox
1587 1845 1712 1886 illum
1746 1843 1869 1885 indu-

306 1917 497 1958 bitanter
531 1918 667 1972 possis
701 1919 943 1971 enuntiare,
979 1917 1108 1958 debes
1141 1918 1279 1973 ipsam
1307 1932 1457 1958 vocem
1489 1917 1557 1957 vel
1590 1930 1791 1957 neumam
1824 1915 1870 1956 in

307 1989 450 2044 capite
477 1989 656 2030 alicuius
682 1990 916 2029 notissimae
945 1988 1212 2044 symphoniae
1239 1995 1408 2042 notare,
1434 1988 1469 2029 (ἵε
1501 2003 1577 2044 pro
1610 2001 1870 2043 unaquaque

307 2075 409 2101 voce
431 2061 647 2101 memoriae
667 2059 896 2100 retinenda
919 2058 1167 2100 huiusmodi
1191 2059 1493 2115 symphoniam
1513 2060 1556 2100 in
1574 2064 1777 2115 promptu
1801 2058 1870 2098 ha-

301 2131 420 2185 bere,
455 2146 549 2187 quae
583 2130 637 2172 ab
672 2131 823 2172 eadem
847 2146 951 2172 voce
979 2132 1184 2186 incipiat:
1220 2137 1368 2186 utpote
1395 2132 1451 2172 sit
1483 2130 1573 2171 haeo
1596 2129 1868 2185 symphonia,

306 2218 391 2258 qua
414 2217 490 2258 ego
515 2201 720 2243 docendis
743 2203 888 2257 pueris
911 2203 1124 2257 imprimis
1142 2208 1273 2258 atque
1296 2202 1428 2243 etiam
1450 2203 1493 2242 in
1515 2201 1678 2242 ultimis
1699 2207 1810 2241 utor.

388 2333 414 2367 C
525 2332 610 2366 DF
697 2332 819 2366 DED
879 2331 1055 2366 DDCD
1129 2330 1213 2365 ΕΕ
1290 2329 1415 2365 EFGE
1486 2329 1660 2364 DECD
1743 2328 1871 2363 FGa

381 2393 427 2428 Ut
499 2396 635 2437 queant
710 2392 807 2426 laxis
880 2402 1052 2427 resonare
1126 2391 1228 2434 fibris
1310 2392 1406 2425 mio-a
1481 2393 1665 2436 gestorum
1728 2388 1871 2438 famuli

309 2453 472 2488 GFEDD
501 2453 651 2488 GaGFE
703 2453 731 2486 F
759 2452 821 2487 GD
907 2452 987 2487 aGa
1068 2451 1208 2486 FGaa
1234 2474 1238 2487 ;
1274 2450 1336 2486 GF
1363 2451 1425 2485 ΕΙ)
1500 2450 1526 2484 C
1553 2450 1581 2484 E
1610 2450 1651 2484 D.

317 2517 462 2548 nieorum
523 2513 618 2548 solve
685 2512 822 2557 polluti
896 2512 986 2546 labii
1058 2514 1213 2553 reatum,
1286 2513 1411 2545 sancte
1484 2510 1678 2544 Iohannes.

363 2632 500 2674 Vides
531 2633 690 2688 itaque,
724 2638 771 2673 ut
806 2630 896 2672 haee
928 2629 1187 2686 symphonia
1213 2629 1329 2671 senis
1361 2626 1588 2684 particulis
1623 2627 1710 2667 suis
1743 2641 1769 2667 a
1791 2640 1869 2666 sex

305 2705 490 2747 diversis
524 2705 709 2761 incipiat
741 2703 949 2746 vocibus?
976 2702 1023 2744 Si
1057 2703 1153 2758 quis
1180 2703 1328 2757 itaque
1359 2701 1699 2755 uniuscuiusque
1729 2699 1865 2755 parti-

305 2776 412 2818 culae
448 2782 579 2832 caput
610 2777 671 2817 ita
696 2776 964 2817 exercitatus
997 2775 1183 2829 noverit,
1215 2779 1263 2814 ut
1296 2771 1523 2814 confestim
1551 2784 1866 2826 quamcumque

306 2848 565 2903 particulam
602 2847 803 2900 voluerit,
846 2845 1148 2888 indubitanter
1180 2845 1376 2900 incipiat,
1417 2842 1589 2884 easdem
1627 2856 1704 2883 sex
1743 2855 1869 2882 voces
