1996 3150
752 197 901 233 GUIDO
929 195 1141 231 ARETINO
1660 194 1727 228 385

227 293 274 336 Si
307 302 453 336 autem
486 309 581 335 eam
614 295 681 335 vis
713 293 883 349 plenius
928 292 1123 349 proferre
1160 307 1246 334 non
1290 292 1574 349 liquefaciens
1617 291 1729 333 nihil

164 372 305 419 nocet,
336 381 448 422 saepe
481 373 626 408 autem
658 367 798 420 magis
831 365 988 421 placet.
1021 365 1081 406 Et
1112 365 1271 419 omnia,
1295 379 1388 421 quae
1421 365 1629 420 diximus,
1648 379 1727 406 nec

163 439 290 480 nimis
322 453 437 492 raro,
470 453 550 480 nec
584 438 714 480 nimis
746 439 952 479 continue
984 436 1135 488 facias,
1169 437 1242 478 sed
1277 452 1373 479 cum
1406 437 1682 479 discretione.

775 578 976 620 CAPUT
1008 578 1120 619 XVI

324 689 382 716 DE
413 687 673 715 MULTIPLICI
707 686 966 715 VARIETATE
1000 687 1202 716 SONORUM
1235 688 1291 715 ET
1325 687 1573 716 NEL‘MARL’M

223 792 335 834 Illud
367 807 470 833 vero
494 806 578 833 non
600 791 730 833 debet
762 792 924 832 mirum
952 791 1105 845 videri,
1134 807 1211 833 cur
1237 800 1361 834 tanta
1392 795 1518 849 copia
1551 800 1639 835 tam
1663 794 1727 835 di-

163 880 385 906 versorum
418 871 625 906 cantuum
652 871 740 905 tam
767 865 919 919 paucis
950 863 1135 905 formata
1169 865 1224 905 sit
1247 864 1439 916 vocibus,
1474 880 1567 920 quae
1602 879 1728 907 voces

160 951 250 980 non
281 937 363 978 nisi
396 951 474 977 sex
507 935 658 989 modis,
692 944 739 976 ut
772 935 979 988 diximus,
1013 935 1094 976 sibi
1137 937 1375 991 iungantur
1414 944 1503 976 tam
1536 951 1612 991 per
1645 936 1727 978 ele·

160 1008 384 1050 vationem
426 1022 554 1063 quam
597 1022 674 1063 per
715 1006 1047 1062 depositionem3
1082 1022 1179 1047 cum
1214 1012 1243 1048 &-
1275 1006 1327 1047 de
1365 1009 1517 1062 paucis
1557 1008 1727 1060 litteris,

162 1081 242 1120 etsi
275 1093 359 1120 non
394 1078 631 1134 perplures,
665 1077 957 1119 conficiantur
996 1078 1191 1134 syllabae,
1225 1078 1383 1133 poterit
1427 1079 1542 1119 enim
1581 1079 1729 1134 colligi

160 1165 367 1192 numerus
400 1149 689 1205 syllabarum3
730 1149 905 1190 infinita
946 1157 1093 1190 tamen
1136 1150 1327 1204 partium
1369 1149 1598 1205 pluralitas
1630 1165 1730 1191 eon-

160 1222 302 1263 crevit
334 1235 390 1261 ex
423 1219 614 1275 syllabis,
650 1229 679 1265 ἇς
711 1221 755 1260 in
787 1220 937 1261 metris
964 1221 1017 1261 de
1044 1221 1196 1276 paucis
1230 1219 1415 1276 pedibus
1449 1236 1578 1276 quam
1602 1221 1730 1277 plura

158 1292 267 1333 fiunt
301 1306 463 1346 genera
495 1299 746 1338 metrorum,
781 1299 810 1336 &-
842 1292 970 1332 unius
1002 1293 1178 1346 generis
1212 1300 1399 1334 metrum
1432 1292 1633 1349 plurimis
1656 1310 1729 1335 va-

158 1363 393 1405 rietatibus
427 1364 650 1404 invenitur
678 1363 913 1418 diversum,
938 1371 984 1404 ut
1007 1364 1334 1417 hexametrum3
1369 1365 1483 1420 quod
1517 1367 1729 1422 quomodo

158 1436 248 1488 fiat,
282 1435 461 1476 videant
494 1436 785 1490 grammatici,
819 1436 1025 1491 quoniam
1054 1436 1164 1477 illud
1191 1436 1336 1479 dicere
1364 1438 1544 1480 alterius
1571 1447 1635 1480 est
1657 1456 1731 1482 ne-

158 1507 278 1562 gotii.
300 1506 401 1560 Nos,
423 1507 458 1546 si
482 1521 721 1562 possumus,
750 1506 991 1561 videamus,
1011 1507 1168 1563 quibus
1192 1507 1330 1549 modis
1354 1508 1566 1552 distantes
1585 1511 1640 1552 ab
1663 1512 1730 1553 in-

161 1578 301 1618 vicem
333 1592 512 1618 neumas
544 1579 808 1619 constituere
843 1578 1078 1621 valeamus.

218 1647 362 1703 Igitur
394 1656 536 1690 motus
569 1664 736 1701 vocum,
765 1651 839 1705 qui
873 1666 951 1691 sex
982 1651 1120 1692 modis
1155 1660 1444 1694 consonanter
1465 1653 1559 1694 fieri
1587 1654 1728 1696 dictus

160 1726 237 1773 est,
271 1721 327 1761 sit
359 1721 446 1760 arsi
482 1729 511 1765 ἂν
543 1720 669 1773 thesi,
704 1720 748 1762 id
781 1728 857 1775 est,
892 1721 1135 1764 elevatione
1163 1729 1193 1765 ὗε
1219 1723 1509 1779 depositione:
1545 1740 1727 1781 quorum

158 1791 329 1846 gemino
361 1798 498 1844 motu,
533 1791 578 1833 id
619 1798 697 1845 est,
732 1793 841 1834 arsis
875 1799 904 1836 ὣ
937 1793 1084 1847 thesis,
1119 1796 1259 1836 omnis
1303 1810 1459 1837 neuma
1503 1794 1727 1850 formatur,

159 1867 316 1918 praeter
348 1877 625 1918 repercussas
662 1868 737 1906 aut
769 1863 1002 1919 simplices.
1036 1865 1210 1907 Deinde
1243 1867 1352 1908 arsis
1399 1876 1427 1911 «ς’
1470 1867 1604 1909 thesis
1638 1876 1729 1910 tum

159 1932 334 1975 sibimet
366 1934 622 1989 iunguntur,
650 1941 699 1976 ut
732 1936 841 1975 arsis
868 1936 968 1989 arsi,
997 1935 1132 1977 thesis
1155 1936 1281 1989 thesi,
1306 1944 1398 1979 tum
1424 1938 1563 1981 altera
1588 1939 1728 1988 alteri,

158 2012 207 2045 ut
238 2005 349 2046 arsis
392 2005 518 2058 thesi,
553 2005 588 2046 8:
621 2005 756 2047 thesis
797 2007 884 2047 arsi
927 2008 1221 2061 coniungitur,
1259 2010 1439 2065 ipsaque
1481 2012 1729 2052 coniunctio

158 2082 249 2135 tum
281 2077 338 2116 sit
364 2091 420 2117 ex
453 2076 685 2131 similibus,
711 2085 803 2118 tum
826 2093 882 2119 ex
905 2078 1201 2120 dissimilibus.
1225 2080 1550 2123 Dissimilitudo
1583 2089 1728 2124 autem

159 2147 255 2202 erit,
288 2149 324 2188 si
357 2163 413 2189 ex
444 2148 667 2204 praedictis
702 2149 903 2204 motibus,
938 2151 983 2192 id
1017 2159 1093 2205 est,
1128 2154 1256 2205 tonis,
1281 2154 1537 2212 semitoniis,
1566 2154 1728 2197 ditonis

159 2227 201 2260 et
223 2220 392 2261 caeteris
424 2219 535 2261 alius
567 2220 653 2263 alio
687 2221 834 2276 plures
867 2224 1152 2278 paucioresve
1185 2223 1347 2266 habeat
1373 2240 1514 2277 voces,
1538 2238 1613 2267 aut
1638 2241 1729 2268 ma-

159 2291 224 2345 gis
255 2291 510 2333 coniunctas
543 2291 612 2333 vel
644 2292 886 2334 disiunctas
920 2294 1200 2348 dissimiliter,
1234 2295 1392 2337 deinde
1425 2297 1494 2338 vel
1526 2297 1728 2339 similiter

157 2361 273 2403 facta
307 2363 612 2404 coniunctione
644 2371 785 2406 motus
817 2366 952 2406 motui
982 2372 1075 2406 tum
1101 2367 1185 2407 erit
1211 2369 1482 2423 praepositus,
1510 2369 1553 2410 id
1582 2377 1659 2421 est,
1683 2369 1727 2409 in

160 2433 455 2489 superioribus
499 2433 677 2490 positus,
713 2443 806 2477 tum
852 2437 1118 2492 suppositus,
1150 2446 1242 2479 tum
1288 2440 1525 2494 appositus,
1558 2440 1601 2481 id
1649 2448 1726 2491 est,

159 2519 256 2545 cum
289 2505 335 2546 in
366 2505 517 2547 eadem
551 2520 655 2547 voce
688 2508 817 2549 unius
844 2515 984 2549 motus
1010 2508 1111 2550 finis
1144 2510 1240 2562 crit,
1269 2503 1537 2566 alteriusque
1564 2511 1727 2566 princi-

158 2577 303 2631 pium3
335 2583 426 2618 tum
454 2579 748 2634 interpositus,
778 2578 823 2619 id
849 2587 928 2631 cst,
951 2580 1126 2635 quando
1151 2595 1262 2621 unus
1285 2589 1424 2622 motus
1449 2581 1563 2622 infra
1591 2581 1726 2622 alium

158 2647 322 2701 positus
357 2656 386 2693 ἅς
416 2649 562 2690 minus
594 2655 659 2690 est
689 2649 838 2705 gravis
873 2656 902 2692 &-
932 2652 1075 2692 minus
1108 2658 1288 2704 acutus3
1321 2660 1413 2693 tum
1451 2654 1728 2708 commixtus,

158 2717 203 2758 id
235 2725 312 2772 est,
346 2720 508 2774 partim
540 2721 822 2777 interpositus
861 2722 1107 2778 partimque
1147 2724 1410 2779 suppositUS‚
1445 2731 1523 2764 aut
1562 2738 1725 2780 praepo-

159 2790 280 2842 situs,
313 2796 389 2830 aut
419 2792 658 2846 appositus,
692 2807 929 2848 rursusque
975 2793 1040 2834 hae
1079 2794 1315 2849 positiones
1357 2794 1505 2834 dirimi
1547 2803 1727 2850 possunt

158 2859 396 2901 seeundum
427 2862 662 2904 laxationis
696 2863 732 2904 ἅτ
757 2864 983 2918 acuminis,
1019 2866 1245 2920 augmenti
1280 2865 1315 2905 ἃ,
1349 2864 1615 2917 detrimenti,
1639 2880 1724 2906 mo-

229 2953 272 2979 25.
290 2968 324 2972 —
337 2953 473 2987 BRANm,
495 2953 596 2982 Guido
617 2956 758 2984 Arelc'no.
