1996 3150
690 225 840 261 GUIDO
867 224 1081 259 ARETINO
1598 220 1665 255 367

104 324 232 378 teris,
265 322 340 365 sed
364 323 497 364 variis
523 322 675 378 figuris
703 321 1030 364 tetrachordum
1063 326 1439 377 superacutarum,
1474 319 1520 360 in
1540 332 1624 375 quo
1646 318 1667 359 b

757 393 956 447 abhctl

103 424 306 466 similiter
339 423 630 481 duplicamus,
663 424 725 465 ita
756 468 784 493 a
804 453 826 493 b
847 454 861 506 ὴ
884 467 905 493 c
926 452 954 493 d
972 456 981 466 .
1014 423 1095 464 Hae
1123 421 1278 463 litterae
1302 436 1328 462 a
1346 420 1493 463 multis
1520 419 1671 461 dicun·

101 532 174 566 tur
205 524 463 581 superfluae3
493 539 570 565 nos
603 530 749 565 autem
782 521 1017 564 maluimus
1041 521 1282 575 abundare,
1309 536 1443 577 quam
1469 519 1667 561 deficere.

102 596 239 637 Fiunt
265 597 412 651 itaque
438 595 567 636 simul
588 609 736 636 omnes
759 593 887 647 XXI,
914 592 995 634 hoc
1022 592 1172 634 modo:
1197 594 1230 638 Γ
1252 591 1292 632 A
1313 592 1354 632 Β
1375 590 1471 634 CD
1488 591 1531 632 E
1547 590 1666 633 FG:

102 665 703 778 abhedefyzgggssffl.

103 804 179 839 aut
211 797 364 839 fuisset
395 797 542 848 tacita,
567 802 642 836 aut
668 795 803 836 nimia
836 794 1103 836 obscuritate
1135 793 1362 850 perplexa,
1395 791 1519 833 adest
1551 805 1666 833 nunc

105 869 236 910 etiam
270 869 414 924 pueris
445 866 641 909 breviter
673 881 724 907 ac
758 866 1007 922 plenissime
1041 864 1280 921 explicata.

738 694 935 746 Quarum
968 693 1192 750 dispositio
1225 707 1323 734 cum
1356 707 1382 733 a
1414 690 1666 733 doctoribus

732 1100 934 1144 CAPUT
967 1100 1039 1141 III

385 1247 442 1274 DE
476 1244 780 1274 DISPOSITIOXE
811 1244 967 1271 EARUM
1000 1243 1050 1271 IN
1082 1242 1380 1271 MONOCHORDO

163 1391 194 1435 Γ
229 1394 377 1449 itaque
410 1393 612 1448 inprimis
645 1391 776 1433 affixa
810 1391 865 1433 ab
899 1406 949 1432 ea
983 1405 1119 1445 usque
1152 1390 1209 1431 ad
1252 1390 1383 1431 finem
1423 1389 1666 1431 subiectum

96 1466 243 1508 cordae
276 1465 465 1520 spatium
497 1479 575 1519 per
607 1478 762 1504 novem
795 1463 973 1518 partire,
1008 1462 1044 1503 S:
1077 1463 1122 1503 in
1155 1463 1340 1503 termino
1367 1462 1519 1518 primae
1545 1476 1666 1502 nona⁴

101 1538 239 1592 partis
258 1536 297 1576 A
327 1535 519 1576 litteram
546 1550 669 1590 pone,
695 1550 720 1575 a
746 1550 833 1590 qua
856 1549 1003 1575 omnes
1025 1534 1196 1589 antiqui
1220 1533 1360 1575 fecere
1387 1534 1666 1589 principium.

102 1608 216 1649 Item
247 1606 303 1648 ab
337 1606 377 1646 A
413 1606 468 1647 ad
500 1606 632 1648 finem
665 1621 779 1647 nona
811 1605 990 1648 collecta
1022 1612 1159 1662 parte,
1193 1605 1344 1646 eodem
1376 1604 1502 1646 modo
1528 1605 1569 1645 B
1595 1604 1667 1645 lit-

99 1686 241 1720 teram
274 1679 419 1731 iunge.
453 1678 556 1719 Post
587 1677 676 1719 haec
711 1677 767 1718 ad
799 1678 832 1722 Γ
868 1683 1092 1718 revertens
1116 1676 1170 1718 ad
1195 1676 1328 1718 finem
1356 1692 1491 1732 usque
1513 1677 1667 1717 metire

101 1765 179 1806 per
211 1749 336 1798 IIII,
371 1749 407 1790 ἃ,
440 1750 485 1790 in
519 1750 668 1804 primae
701 1749 838 1804 partis
872 1748 1057 1789 termino
1091 1748 1287 1788 invenies
1326 1747 1372 1789 C.
1413 1747 1666 1803 Eademque

97 1821 316 1862 divisione
348 1835 426 1875 per
457 1821 571 1861 IIII
600 1821 714 1861 sicut
746 1834 844 1861 cum
877 1817 909 1861 Γ
946 1820 1173 1860 inventum
1207 1824 1272 1860 est
1303 1817 1350 1872 C,
1378 1818 1510 1859 simili
1542 1818 1667 1860 modo

100 1906 179 1947 per
211 1890 409 1932 ordinem
442 1906 541 1932 cum
568 1891 608 1932 A
635 1892 832 1933 invenies
855 1893 922 1943 D3
952 1905 1051 1932 cum
1074 1890 1115 1931 Β
1141 1891 1338 1931 invenies
1365 1890 1419 1942 E,
1447 1890 1483 1930 ἃ
1510 1905 1609 1931 cum
1635 1889 1671 1931 C

98 1963 297 2004 invenies
331 1963 385 2019 F,
419 1962 454 2003 ἃ
487 1977 585 2004 cum
617 1964 663 2004 D
696 1963 892 2004 invenies
930 1962 984 2016 G,
1019 1962 1055 2003 ὦ
1087 1977 1186 2002 cum
1219 1962 1263 2002 E
1294 1962 1493 2003 invenies
1516 1977 1543 2002 a
1568 1977 1668 2002 acu-

98 2041 206 2086 tum,
241 2034 277 2075 &
310 2049 409 2075 cum
441 2035 485 2075 F
515 2035 712 2076 invenies
740 2034 762 2075 b
789 2034 1041 2075 rotundam.
1068 2032 1175 2084 Quae
1202 2048 1306 2074 vero
1330 2040 1587 2089 sequuntur,
1612 2035 1669 2075 si-

98 2105 269 2147 milium
295 2105 330 2146 &
359 2105 611 2147 earumdem
644 2121 791 2147 omnes
818 2121 895 2161 per
916 2105 1115 2146 ordinem
1142 2104 1400 2146 medietates
1428 2104 1556 2146 facile
1584 2104 1669 2145 col-

98 2177 308 2232 liguntur,
343 2182 502 2233 utputa
534 2176 589 2217 ab
625 2177 664 2217 Β
695 2192 833 2233 usque
866 2177 923 2218 ad
956 2176 1086 2217 finem
1121 2177 1166 2217 in
1200 2176 1345 2218 medio
1385 2177 1524 2232 spatio
1558 2191 1668 2232 pone

96 2248 230 2289 aliam
261 2260 299 2291 :-
334 2247 628 2304 Similiterque
665 2248 702 2290 C
732 2247 927 2303 signabit
961 2247 1093 2288 aliam
1127 2263 1160 2300 c,
1195 2248 1230 2288 S:
1265 2249 1308 2289 D
1340 2247 1471 2288 aliam
1504 2247 1546 2297 cl,
1570 2248 1606 2288 ἃ
1633 2248 1670 2288 Ε

96 2335 234 2376 aliam
257 2351 288 2388 e,
317 2335 353 2376 ἃ,
374 2336 418 2376 F
436 2335 567 2376 aliam
579 2335 620 2391 s,
644 2337 680 2377 ἃ
707 2336 745 2378 G
777 2336 912 2377 aliam
943 2352 986 2391 9>
1020 2337 1056 2377 ἃ,
1088 2353 1114 2377 α
1149 2337 1281 2377 aliam
1315 2323 1354 2389 a,
1371 2337 1406 2378 ὦ
1425 2335 1593 2378 baliam
1614 2307 1648 2404 ζί-

1314 2383 1341 2407 α

96 2454 164 2508 «Ἧι,
184 2454 316 2495 aliam
337 2439 371 2510 Ξ,
401 2455 436 2495 ἃ
459 2469 480 2495 c
498 2454 632 2495 aliam
650 2441 689 2523 ξ,
717 2456 751 2496 ἃ
778 2456 806 2496 cl
826 2456 955 2496 aliam
979 2426 1024 2525 ᾖ.
1044 2456 1208 2497 Eodem
1228 2455 1353 2497 modo
1375 2471 1521 2511 posses
1541 2457 1585 2496 in
1602 2457 1666 2496 in-

336 2513 350 2534 q
663 2516 671 2524 ,

100 2542 272 2584 finitum
301 2544 364 2584 ita
389 2544 594 2599 progredi
622 2559 792 2585 sursum
819 2543 889 2585 vel
913 2544 1129 2599 deorsum,
1157 2545 1241 2586 nisi
1269 2546 1376 2586 artis
1404 2550 1665 2601 praeceptum

99 2629 178 2654 sua
210 2621 252 2655 te
286 2616 549 2656 auctoritate
582 2624 889 2671 compesceret.

160 2685 228 2726 De
262 2686 575 2741 multiplicibus
608 2687 882 2743 diversisque
913 2687 1201 2729 divisionibus
1233 2687 1514 2728 monochordi
1537 2701 1667 2727 unam

98 2757 296 2810 apposui,
323 2763 370 2796 ut
403 2772 501 2797 cum
534 2773 558 2798 a
586 2757 733 2798 multis
759 2758 815 2799 ad
845 2773 974 2799 unam
1002 2758 1316 2810 intenderetur,
1345 2759 1437 2799 sine
1466 2757 1667 2813 scrupulo

99 2835 346 2881 caperetur.
381 2827 645 2869 Praesertim
680 2844 777 2870 cum
809 2831 866 2870 sit
900 2836 1033 2871 tantae
1066 2829 1409 2880 11tilitatis‚11t&
1443 2827 1666 2869 intellecta

102 2899 180 2938 vix
196 2897 494 2940 obliviscatur.
512 2899 636 2940 Alius
655 2899 879 2941 dividendi
908 2900 1060 2942 modus
1088 2902 1295 2957 sequitur,
1325 2902 1396 2956 qui
1421 2901 1500 2941 etsi
1524 2901 1665 2941 minus
