1996 3150
664 220 814 255 GUIDO
841 220 1054 255 ARETINO
1573 219 1643 252 419

82 315 131 356 fit
163 315 245 356 nisi
285 330 363 371 per
407 315 676 357 diatessaron
709 316 744 357 8:
778 315 997 371 diapente.
1030 315 1232 370 Intelligc
1273 320 1498 370 praetcrea,
1533 313 1647 370 quod

81 387 126 427 in
159 385 382 428 authentis
409 387 464 428 ad
498 393 674 428 octavas
706 393 860 428 cantus
883 402 908 428 a
935 402 1011 427 sua
1037 386 1159 427 finali
1189 400 1293 428 voce
1326 385 1546 438 ascendit3
1575 385 1647 426 de-

80 457 251 498 scendit
283 463 427 499 autem
461 459 634 499 nonnisi
668 471 753 498 uno
786 464 886 498 tono
929 456 1008 498 sub
1041 456 1173 509 finali,
1209 463 1390 512 excepto
1423 458 1541 510 trito,
1575 456 1646 511 qui

81 546 108 571 a
140 545 214 571 suo
247 529 332 570 fine
365 545 450 571 non
485 529 732 585 deponitur,
767 530 870 584 quia
902 543 987 570 non
1019 528 1153 569 habet
1185 528 1263 569 sub
1296 543 1340 569 se
1372 534 1536 581 tonum,
1572 527 1647 568 sed

81 601 373 642 semitonium.
396 601 449 641 In
475 600 618 656 plagis
644 606 791 641 autem
818 614 843 640 a
869 599 989 640 finali
1021 614 1126 640 voce
1154 598 1210 640 ad
1236 600 1434 654 quintam
1467 599 1646 640 descen-

82 672 225 714 dimus
256 672 292 713 &
329 672 620 725 ascendimus,
654 672 736 712 nisi
781 671 836 711 sit
871 671 1079 726 prolixior
1112 676 1281 727 cantus,
1316 671 1389 726 qui
1429 669 1648 726 plagalem

82 742 397 798 depositionem
431 743 466 783 ἃ,
499 741 799 783 authenticam
828 740 1116 782 elevationem
1149 740 1320 794 habeat,
1354 740 1469 796 quod
1502 725 1648 781 tamen

82 814 304 854 rarissime
337 812 400 854 fit.

144 884 371 939 Principia
403 898 571 939 quoque
594 890 802 925 cantuum
828 884 872 924 in
898 882 1098 924 omnibus
1121 883 1202 924 illis
1226 883 1406 924 vocibus
1439 897 1530 923 esse
1553 897 1649 938 pos-

82 960 196 1008 sunt,
220 969 313 1009 quae
337 954 574 996 secundum
593 954 825 1009 praedictas
849 969 926 994 sex
949 954 1254 994 consonantias
1279 968 1377 994 cum
1399 953 1520 994 finali
1545 968 1647 994 voce

83 1027 362 1066 conveniunt.
395 1024 531 1080 Siqua
565 1025 692 1065 aliter
725 1026 958 1078 inveneris,
988 1039 1042 1064 ex
1068 1025 1162 1079 ipsa
1188 1024 1369 1064 raritate
1403 1038 1647 1078 cognosces,

82 1096 196 1152 quod
224 1098 312 1138 sint
337 1097 598 1137 auctoritate
621 1102 904 1151 praesumpta,
932 1110 1014 1136 non
1038 1102 1183 1136 autem
1204 1100 1305 1135 sunt
1331 1094 1491 1149 regulae
1514 1094 1650 1135 firmi-

83 1174 172 1209 tate
200 1167 423 1208 distincta.
448 1167 562 1208 Illud
590 1172 735 1207 autem
763 1167 860 1221 quis
889 1180 973 1206 non
999 1164 1233 1219 intelligat,
1258 1164 1373 1220 quod
1397 1164 1449 1205 de
1473 1165 1651 1206 vocibus

83 1239 206 1294 quasi
232 1237 412 1292 syllabae
446 1238 481 1278 S:
513 1243 658 1293 partes
691 1237 726 1277 ἃ
761 1236 1060 1277 distinctiones
1095 1235 1164 1277 vel
1197 1250 1348 1276 versus
1381 1235 1529 1275 fiunt?
1557 1249 1650 1290 quae

83 1315 226 1356 omnia
247 1315 361 1354 inter
383 1329 428 1355 se
451 1315 639 1355 invicem
664 1315 774 1354 mira
795 1314 1014 1354 suavitate
1043 1312 1322 1364 concordant,
1348 1317 1518 1352 tantum
1539 1326 1651 1366 saepe

83 1385 398 1437 concordiores,
433 1390 645 1440 quantum
679 1385 923 1425 similiores.

143 1456 248 1497 Haec
281 1470 421 1511 pauca
455 1456 579 1511 quasi
607 1456 651 1496 in
678 1456 904 1510 prologum
938 1454 1238 1510 antiphonarii
1272 1453 1324 1494 de
1357 1453 1582 1494 modorum
1617 1453 1651 1493 ἃ

84 1542 341 1568 neumarum
380 1527 564 1568 formula
596 1526 843 1581 rhythmice
876 1526 911 1567 δε
944 1526 1138 1581 prosaice
1171 1525 1304 1578 dicta,
1331 1525 1510 1566 Musicae
1544 1524 1650 1564 artis

83 1600 242 1640 ostium
274 1598 468 1639 breviter
500 1598 683 1639 forsitan
707 1598 742 1638 ἃ,
770 1598 1016 1639 sufficenter
1043 1598 1260 1652 aperiunt.
1288 1596 1373 1648 Qui
1407 1602 1553 1637 autem
1579 1610 1653 1636 cu-

85 1671 224 1711 riosus
247 1670 391 1723 fuerit,
420 1669 617 1711 libellum
641 1675 849 1723 nostrum,
875 1670 945 1710 cui
973 1683 1130 1710 nomen
1148 1668 1413 1723 Micrologus
1440 1674 1516 1721 est,
1541 1682 1652 1722 quae-

85 1747 171 1794 rat3
204 1741 366 1782 librum
400 1755 570 1796 quoque
597 1739 903 1793 Euchiridion,
937 1754 1066 1795 quem
1099 1740 1493 1781 Reverentissimus
1527 1737 1653 1780 Oddo

85 1811 238 1855 Abbas
270 1811 615 1853 luculentissime
643 1811 897 1866 composuit,
926 1810 1137 1866 perlegat,
1166 1811 1288 1851 cuius
1327 1809 1576 1865 exemplum
1609 1811 1653 1850 in

85 1884 188 1925 solis
219 1883 374 1937 figuris
407 1897 610 1924 sonorum
644 1882 803 1934 dimisi,
838 1882 943 1937 quia
976 1882 1173 1937 parvulis
1205 1881 1507 1934 condescendi,
1546 1881 1654 1922 Boe-

84 1955 194 1996 tium
228 1955 274 1995 in
306 1954 386 1995 hoc
413 1969 498 1995 non
521 1968 719 2009 sequens,
748 1954 869 1993 cuius
902 1952 1014 1994 liber
1042 1968 1127 1994 non
1155 1952 1421 2005 cantoribus,
1450 1951 1525 1993 sed
1554 1951 1654 1993 solis

87 2024 350 2081 philosophis
382 2025 502 2066 utilis
536 2031 614 2066 est.

665 2108 862 2163 Eoeplz'cz‘t
895 2107 1086 2163 epistola.
