1996 3150
591 251 600 260 ·
661 235 666 239 ’
711 254 860 291 GmDo
887 255 1098 292 ARETINO
1398 246 1402 250 '
1610 257 1676 291 371

748 507 949 550 CAPUT
993 508 1056 548 VI

211 653 269 681 DE
302 639 597 681 DIVISIONIB'US
628 651 776 681 vocUM
816 652 873 679 ET
905 652 1402 682 INTERPRETATIONIBUS
1436 653 1589 682 EARUM

181 793 242 835 Ut
269 799 414 834 autem
436 793 488 835 de
515 793 726 834 divisione
752 791 1031 834 monochordi
1059 793 1103 833 in
1131 794 1279 848 paucis
1306 793 1444 835 multa
1470 796 1680 851 perstrin-

123 881 236 920 gam,
271 880 441 922 semper
473 866 694 921 Diapason
718 863 884 906 duobus
906 864 963 905 ad
987 863 1117 905 finem
1140 866 1275 920 aequis
1303 867 1439 907 currit
1464 866 1677 922 passibus.

121 937 337 994 Diapente
369 936 522 990 tribus,
559 937 841 978 Diatessaron
875 942 1074 992 quatuor,
1110 942 1236 977 tonus
1269 951 1371 978 vero
1404 952 1573 992 novem,
1601 940 1674 994 qui

121 1017 281 1067 quanto
309 1016 408 1051 sunt
430 1007 626 1065 passibus
652 1009 980 1060 numerosiores,
1005 1014 1125 1049 tanto
1153 1014 1253 1048 sunt
1279 1010 1416 1063 spatio
1443 1009 1678 1053 breviores.

121 1082 244 1124 Alias
270 1096 373 1123 vero
407 1080 641 1122 divisiones
668 1085 826 1135 praeter
847 1079 923 1120 has
946 1086 1133 1135 quatuor
1155 1081 1351 1121 iuvenire
1384 1095 1470 1122 non
1503 1084 1677 1137 poteris.

119 1155 340 1210 Diapason
374 1159 517 1193 autem
568 1153 881 1206 interpretatur
925 1151 973 1191 cle
1016 1151 1217 1204 omnibus,
1253 1152 1344 1192 sive
1377 1152 1492 1207 quod
1530 1168 1677 1195 omnes

119 1227 279 1269 habeat
310 1239 438 1267 voces
464 1210 543 1265 sub
571 1239 629 1276 se,
656 1225 747 1264 sive
773 1224 876 1279 quia
898 1223 1139 1279 antiquitus
1162 1223 1341 1265 citharae
1366 1230 1460 1265 octo
1484 1240 1561 1281 per
1582 1240 1675 1267 eam

117 1298 279 1340 fiebant
301 1297 488 1339 chordis.
510 1296 563 1337 In
586 1296 668 1337 hac
693 1296 867 1352 quidem
894 1297 1035 1352 specie
1053 1298 1194 1352 prima
1221 1297 1257 1338 Sc
1283 1298 1460 1353 gravior
1481 1313 1569 1340 vox
1593 1298 1677 1340 duo

115 1371 247 1414 habet
279 1372 432 1427 spatia,
467 1376 594 1411 acuta
627 1384 714 1411 vox
748 1384 895 1422 unum,
930 1375 978 1410 ut
1005 1368 1060 1410 ab
1087 1368 1127 1409 A
1157 1369 1214 1411 ad
1245 1385 1285 1410 α.
1322 1370 1539 1426 Diapente
1571 1370 1677 1412 dici-

114 1450 184 1485 tur
217 1443 265 1484 cle
297 1443 510 1499 quinque:
545 1448 646 1483 sunt
677 1442 793 1482 enim
826 1442 870 1482 in
903 1442 993 1482 eius
1027 1442 1167 1497 spatio
1209 1456 1339 1483 voces
1379 1443 1584 1498 quinque,
1629 1450 1677 1485 ut

115 1531 141 1558 a
173 1517 218 1557 D
248 1516 293 1556 in
325 1531 365 1556 a.
398 1514 484 1556 Sed
516 1514 662 1569 gravis
695 1514 787 1554 eius
820 1528 907 1554 vox
941 1514 1034 1553 tria'
1057 1512 1191 1555 habet
1225 1514 1378 1569 spatia,
1413 1520 1542 1556 acuta
1574 1514 1674 1556 duo.

115 1588 399 1629 Diatessaron
431 1592 555 1627 sonat
586 1585 634 1626 de
666 1592 883 1641 qualum-,-
915 1599 1016 1625 nam
1050 1585 1085 1626 ἃ
1125 1585 1257 1627 habet
1302 1592 1489 1642 quatuor
1533 1601 1673 1641 voces,

115 1660 151 1701 8:
181 1660 357 1714 gravior
389 1659 480 1699 eius
511 1672 600 1699 vox
635 1664 819 1714 quatuor
850 1656 983 1698 habet
1015 1658 1167 1713 spatia,
1201 1664 1330 1700 acuta
1362 1673 1463 1699 vero
1497 1659 1594 1712 tria,
1627 1666 1676 1701 ut

114 1747 139 1772 a
171 1732 217 1773 D
243 1733 288 1771 in
325 1729 378 1772 G.
411 1730 504 1771 Has
537 1736 624 1771 tres
656 1730 818 1785 species
840 1728 1203 1785 symphonias‚·id
1226 1735 1302 1782 est,
1334 1745 1489 1771 suaves
1515 1745 1672 1773 vocum

112 1801 408 1858 copulationes
434 1802 684 1843 memineris
706 1815 799 1842 esse
823 1807 1013 1855 vocatas,
1041 1802 1144 1857 quia
1171 1802 1214 1842 in
1249 1801 1457 1857 diapason
1491 1801 1673 1844 diversae

112 1889 240 1916 voces
272 1889 406 1915 unum
439 1880 605 1915 sonant.
640 1873 859 1928 Diapente
891 1887 995 1914 vero
1027 1873 1063 1914 8:
1098 1873 1380 1915 Diatessaron
1415 1873 1671 1929 diaphoniae,

110 1945 155 1987 id
188 1952 265 1999 est,
297 1946 452 2003 organi
485 1945 581 1986 iura
615 1944 850 2000 possident,
884 1944 920 1986 ὅτ,
952 1960 1081 1986 voees
1113 1951 1350 2001 utcumque
1383 1945 1545 1986 similes
1578 1945 1671 1987 red-

111 2017 233 2059 dunt.
262 2017 409 2059 Tonus
436 2023 583 2058 autem
605 2016 660 2058 ab
692 2016 944 2066 intonando,
977 2016 1022 2057 id
1049 2023 1125 2068 est,
1152 2032 1178 2058 a
1202 2016 1394 2058 sonando
1417 2031 1575 2059 nomen
1602 2032 1671 2059 ac-

113 2090 239 2145 cepit,
275 2089 348 2145 qui
380 2089 533 2130 maiori
565 2089 661 2130 voci
694 2102 865 2142 novem,
899 2089 1054 2130 minori
1088 2103 1190 2130 vero
1235 2096 1330 2130 octo
1372 2104 1523 2145 passus
1573 2104 1673 2131 oon-

111 2161 267 2202 stituit:
318 2161 595 2202 semitonium
638 2167 784 2202 autem
818 2160 853 2202 ἃ
886 2160 1072 2206 ditonus,
1108 2163 1188 2203 etsi
1235 2176 1360 2203 voces
1394 2162 1438 2202 in
1477 2161 1672 2203 canendo

112 2233 393 2288 coniungunt,
418 2232 675 2274 divisionem
698 2226 846 2274 tamen
867 2232 1034 2274 nullam
1061 2234 1107 2275 in
1128 2233 1419 2276 monochordo
1441 2234 1670 2289 recipiunt.

732 2447 933 2490 CAPUT
966 2448 1054 2490 VII

331 2603 390 2632 DE
422 2603 556 2632 Moms
590 2604 796 2637 QUATUOR
829 2604 887 2632 ET
919 2604 1264 2634 AFFINITATOEUS
1298 2587 1443 2635 'vocum

171 2731 283 2774 Cum
313 2738 458 2774 autem
491 2738 658 2788 septem
688 2735 777 2776 sint
817 2749 956 2788 voces,
1002 2736 1117 2791 quia,
1150 2742 1199 2777 ut
1236 2735 1440 2787 diximus,
1473 2735 1583 2789 aliae,
1626 2734 1668 2776 id

111 2803 188 2856 est,
221 2809 385 2845 octavae
417 2819 545 2846 voces
577 2812 679 2847 sunt
705 2805 880 2860 eaedem,
908 2813 1109 2862 septenas
1131 2800 1290 2849 suffieit
1316 2806 1551 2862 explicare,
1574 2821 1670 2863 quae

111 2873 383 2916 diversorum
415 2877 655 2931 modorum,
690 2877 725 2919 ἂ
760 2877 1031 2920 diversarum
1059 2886 1161 2920 sunt
1193 2878 1466 2938 qyalitatum.
1498 2878 1670 2920 Primus

113 2946 264 2987 modus
295 2961 451 2989 vocum
485 2955 562 3001 est,
597 2964 694 2990 cum
729 2964 816 2991 vox
849 2957 948 2991 tono
991 2950 1235 3006 deponitur,
1270 2949 1306 2990 ὅτ,
1337 2955 1438 2990 tono
1470 2949 1506 2990 ἀ
1546 2951 1670 2991 semi-
