1996 3150
709 197 859 234 GUIDO
885 197 1098 233 ARETINO
1614 198 1683 232 415

124 295 390 337 concordant
416 296 485 336 vel
513 301 767 349 moventur3
795 302 925 352 atque
949 296 991 337 hi
1020 296 1224 338 dicuntur
1250 311 1329 338 sex
1349 302 1489 338 motus
1516 311 1685 350 vocum,

123 365 281 422 quibus
308 366 363 407 ad
390 380 434 408 se
462 367 653 408 invicem
680 381 808 408 voces
831 367 1094 409 concordant
1118 367 1187 409 vel
1215 374 1460 410 moventur.
1493 369 1561 410 Ea
1585 382 1687 410 vero

115 437 371 496 concordia,
408 452 501 493 quae
529 444 592 479 est
625 438 738 478 inter
770 444 955 493 gravem'
984 438 1172 494 aliquam
1203 439 1395 481 litteram
1426 440 1462 480 ἃ.
1494 438 1688 481 eamdem

125 514 315 560 acutam,
348 508 461 549 sicut
494 522 519 549 a
545 509 687 564 prima
712 509 758 549 in
779 509 978 563 primam,
1009 510 1075 550 vel
1097 524 1122 550 a
1145 510 1331 552 seconda
1363 512 1407 552 in
1441 511 1689 563 secundam,

124 580 335 635 diapason
369 579 542 631 dicitur,
578 579 623 619 id
656 585 733 631 est,
775 579 824 619 de
857 580 1074 623 omnibus:
1108 580 1240 622 habet
1281 584 1397 623 enim
1430 597 1576 623 omnes
1614 597 1688 624 vo-

127 665 212 703 ces,
243 651 282 717 §z
313 656 435 691 tonos
467 651 659 704 quinque
691 664 788 690 cum
823 649 989 691 duobus
1015 653 1268 705 semitoniis,
1303 653 1383 694 hoc
1417 661 1496 706 est,
1529 653 1690 694 diates-

125 736 252 762 saron
291 721 326 762 ἅτ
366 721 584 777 diapente.
627 721 733 761 Haec
767 720 979 775 diapason
1020 724 1065 763 in
1105 729 1276 764 tantum
1315 724 1547 765 concordes
1584 724 1688 765 facit

127 807 266 844 voces,
299 797 348 832 ut
380 806 464 832 non
496 806 569 832 eas
602 791 795 832 dicamus
823 791 999 845 similes,
1035 793 1109 834 sed
1132 794 1318 836 easdem.
1352 795 1511 837 Omnes
1545 802 1688 836 autem

127 877 253 903 voces
286 863 332 903 in
366 868 535 903 tantum
562 868 663 903 sunt
695 862 872 915 similes,
900 869 942 904 et
975 863 1143 905 faciunt
1176 865 1340 906 similes
1368 881 1491 908 sonos
1523 867 1558 907 ἃ
1592 881 1688 908 con-

126 933 278 974 cordes
309 948 502 987 neumas,
529 934 573 974 in
602 940 812 989 quantum
839 934 1041 975 similiter
1063 935 1291 977 elevantur
1314 936 1381 977 vel
1415 937 1691 992 deponuntur

128 1004 366 1045 secundum
390 1004 700 1059 depositionem
724 1011 922 1045 tonorum
945 1005 979 1045 ὣ
1004 1008 1349 1048 semitoniorum:
1372 1014 1528 1064 utputa
1550 1010 1690 1064 prima

129 1089 218 1116 vox
249 1074 306 1116 A.
324 1075 370 1116 ’ἂι
397 1082 554 1130 quarta
574 1077 632 1117 D.
655 1066 817 1116 simil-es
845 1076 881 1116 &a
907 1077 1037 1117 unius
1060 1077 1177 1118 modi
1200 1077 1420 1131 dicuntur,
1441 1080 1543 1134 quia
1567 1086 1690 1120 utra-

131 1161 213 1202 que
246 1147 291 1187 in
318 1146 588 1201 depositione
616 1153 777 1198 tonum,
813 1147 856 1186 in
889 1144 1130 1188 elevatione
1156 1163 1259 1190 vero
1292 1149 1454 1190 habent
1477 1157 1625 1192 tonum
1653 1151 1688 1191 ἃ

130 1218 405 1259 semitonium
438 1218 474 1258 ἃ,
507 1217 611 1258 duos
637 1224 773 1258 tonos.
805 1217 952 1273 Atque
984 1217 1076 1259 haec
1110 1225 1174 1260 est
1206 1221 1346 1275 prima
1378 1220 1617 1263 similitudo
1645 1223 1689 1263 in

128 1289 320 1342 vocibus,
353 1289 435 1330 hoe
467 1296 544 1341 est,
578 1291 747 1345 primus
778 1290 946 1331 modus.

189 1361 414 1402 Secundus
447 1360 600 1401 modus
632 1367 695 1401 est
722 1367 765 1401 in
800 1361 988 1402 secunda
1016 1362 1070 1402 Β.
1104 1363 1139 1403 S:
1172 1363 1216 1403 in
1244 1364 1396 1418 quinta
1428 1364 1483 1405 E.
1515 1364 1692 1406 Habent

128 1434 243 1473 enim
274 1439 458 1487 utraque
490 1433 534 1472 in
568 1432 836 1487 depositione
870 1432 975 1473 duos
1008 1439 1144 1486 tonos,
1178 1434 1223 1474 in
1255 1433 1496 1476 elevatione
1524 1437 1692 1477 semito-

128 1505 250 1545 nium
275 1504 311 1544 &
334 1503 440 1544 duos
466 1509 602 1544 tonos.
625 1503 800 1544 Tertius
824 1503 975 1544 modus
1003 1510 1067 1545 est
1087 1505 1130 1545 in
1150 1505 1280 1546 tertia
1305 1504 1352 1546 C.
1376 1506 1411 1547 ἃ
1437 1507 1482 1547 in
1502 1513 1616 1547 sesta
1638 1508 1692 1548 F.

129 1574 267 1616 ambae
295 1576 410 1615 enim
443 1575 666 1615 semitonio
690 1574 726 1615 8:
759 1573 922 1615 duobus
946 1576 1058 1616 tonis
1085 1575 1366 1630 descendunt,
1399 1576 1565 1618 duobus
1591 1593 1693 1620 vero

131 1652 244 1692 tonis
276 1650 543 1707 ascendunt:
563 1650 665 1692 Sola
697 1665 800 1692 vero
828 1652 1011 1706 septima
1042 1652 1094 1694 G.
1122 1659 1329 1708 quartum
1361 1654 1538 1696 modum
1572 1655 1692 1705 facit,

133 1737 226 1778 quae
260 1723 305 1763 in
342 1721 605 1777 depositione
631 1737 768 1763 unum
795 1728 945 1763 tonum
978 1724 1013 1764 ἅ,
1045 1725 1322 1765 semitonium
1349 1725 1385 1766 ἃ
1417 1726 1523 1767 duos
1556 1733 1693 1779 tonos‘,

133 1795 178 1835 in
211 1794 450 1835 elevatione
481 1808 584 1834 vero
619 1793 725 1834 duos
757 1793 889 1834 habet
921 1800 1043 1835 tonos
1077 1795 1112 1835 8:
1146 1796 1435 1837 semitonium.

190 1864 248 1905 Et
275 1865 348 1920 qui
369 1864 495 1920 plene
519 1865 749 1905 exercitati
771 1871 872 1905 sunt
898 1866 942 1906 in
968 1864 1051 1907 hac
1078 1873 1184 1919 arte,
1210 1873 1389 1922 possunt
1412 1874 1696 1924 unamquam-

133 1936 240 1977 libet
263 1935 566 1991 symphoniam
584 1936 823 1976 seeundum
841 1935 918 1977 hos
942 1943 1128 1992 quatuor
1146 1939 1320 1979 variare
1342 1939 1504 1992 modos,
1527 1946 1695 1996 utputa,

133 2012 169 2052 si
201 2011 297 2066 quis
323 2025 455 2056 unam
482 2009 786 2065 symphoniam
811 2011 1001 2066 primum
1034 2011 1079 2051 in
1106 2025 1210 2052 voce
1234 2013 1373 2067 prima
1396 2011 1453 2054 A.
1481 2013 1517 2054 ἃ,
1548 2020 1696 2069 postea

136 2080 333 2122 eamdem
366 2081 550 2136 incipiat
580 2081 625 2121 in
660 2095 764 2121 voce
791 2080 995 2135 secunda,
1020 2081 1175 2123 dehinc
1208 2083 1253 2123 in
1275 2084 1421 2124 tertia.
1454 2084 1512 2124 Et
1544 2099 1696 2125 secun-

134 2152 236 2193 dum
268 2166 350 2207 quo
378 2152 482 2206 ipsae
507 2165 632 2192 voces
655 2151 874 2192 diversam
896 2151 1059 2193 habent
1084 2159 1284 2195 tonorum
1312 2154 1348 2195 ἅ,
1374 2155 1697 2206 semitoniorum

132 2224 406 2279 positionem,
440 2223 500 2263 sic
531 2223 665 2264 variis
697 2223 835 2264 modis
862 2223 1106 2265 secundum
1132 2226 1473 2282 uniuscuiusque
1505 2228 1698 2283 proprie-

133 2301 269 2336 tatem
303 2309 398 2335 eam
426 2295 691 2361 pronuntiet.
719 2293 848 2346 Quod
875 2295 1050 2351 quidem
1083 2296 1227 2337 facere
1259 2296 1388 2339 valde
1420 2304 1484 2339 est
1515 2298 1634 2353 utile,
1662 2299 1697 2339 ὥ

133 2365 262 2412 valde
298 2365 436 2419 facile,
469 2365 551 2407 hoc
575 2365 717 2407 modo.

479 2447 510 2482 D
602 2441 718 2482 'Fe
832 2447 1044 2483 0000
1135 2460 1157 2483 a
1231 2425 1360 2485 rien

472 2513 527 2547 Tu
607 2512 737 2547 Patris
811 2514 1054 2558 sempiternus
1127 2526 1164 2550 es
1238 2516 1361 2551 Filius

477 2579 506 2613 E
629 2578 660 2614 G
688 2590 710 2614 a
812 2590 835 2614 a
884 2591 907 2614 a
957 2591 980 2614 a
1029 2592 1052 2616 a
1135 2581 1149 2628 ξ
1236 2581 1359 2617 GFE

470 2639 527 2674 Tu
606 2639 734 2675 Patris
807 2641 1048 2685 sempiternus
1121 2653 1159 2677 es
1230 2642 1357 2677 Filius

474 2698 504 2732 F
638 2698 699 2746 ah
834 2699 848 2747 ξ
899 2698 913 2748 ὴ
959 2698 974 2748 ὴ
1023 2700 1037 2747 ὴ
1134 2713 1154 2736 0
1239 2701 1358 2736 aGF

470 2757 527 2792 Tu.
605 2758 734 2793 Patris
807 2760 1048 2804 sempiternus
1123 2771 1160 2795 es
1234 2760 1356 2796 Filius

476 2817 508 2852 G
635 2816 696 2865 he
791 2829 842 2854 >c
892 2831 912 2854 0
962 2832 982 2854 0
1032 2831 1052 2855 0
1133 2820 1157 2854 d
1259 2819 1342 2855 baG

473 2878 528 2912 Tu
608 2879 737 2914 Patris
811 2882 1054 2925 sempiternus
1127 2892 1164 2916 es
1237 2881 1363 2916 Filius
