2012 3182
296 171 364 206 400
876 169 1026 204 GUIDO
1051 169 1146 204 ΑΒΕ
1152 169 1265 204 TINO

354 268 438 310 Sed
473 268 686 321 Gregorio
719 281 806 307 non
838 266 982 322 placet
1013 266 1136 307 Patri
1171 265 1263 307 haec
1295 265 1493 307 lascivia.

355 339 414 380 At
446 337 641 379 moderni
676 338 894 393 sapientes
925 337 1040 378 hanc
1071 352 1211 393 neque
1243 344 1597 380 commemorant.

354 408 565 460 Quamvis
599 423 699 463 ergo
732 407 848 463 apud
883 407 1092 463 quosdam
1127 409 1222 464 ipsa
1254 408 1330 448 fiat
1363 408 1536 462 vocula,

355 480 486 536 Apud
520 480 674 521 multos
707 486 866 521 tamem
899 480 992 520 iure
1025 479 1186 520 dicitur
1219 478 1452 534 superflua.

356 552 509 593 Altera
542 567 644 593 vero
678 550 868 593 secunda
900 565 1068 607 semper
1103 558 1167 592 est
1201 551 1470 592 authentica.

355 624 468 666 Nota
500 629 639 675 caute,
675 638 822 665 omnes
855 623 946 665 toni
980 637 1135 664 novem
1168 622 1278 664 fiunt
1309 622 1523 678 passibus,

357 695 641 736 Diatessaron
675 695 913 750 quaternis,
948 695 1063 736 sicut
1096 686 1228 750 supra
1260 694 1463 749 diximus,

356 767 576 821 Diapente
609 780 778 821 semper
811 764 965 816 tribus,
1001 765 1227 821 Diapason
1262 764 1445 807 duobus.

356 838 445 878 Isto
478 836 602 878 modo
634 836 973 878 monochordum
1007 837 1131 878 facile
1165 844 1229 878 est
1260 837 1369 879 fieri.

357 909 417 950 At
449 909 484 950 si
520 908 723 964 cymbala
755 908 1001 950 formantur
1033 909 1294 951 musicorum
1328 924 1476 965 opere,

356 980 436 1022 Hze
470 995 681 1022 mensurze
713 986 814 1021 sunt
850 980 1055 1022 eavendze
1089 981 1282 1022 maxime
1316 982 1359 1022 in
1393 981 1586 1037 pondere

357 1052 440 1094 His
473 1052 686 1093 mensuris
719 1058 1028 1107 comparantur
1060 1052 1098 1091 δί
1130 1067 1292 1093 canora
1324 1067 1503 1108 organa,

358 1123 416 1164 Et
449 1137 731 1178 quaecumque
764 1124 847 1163 rite
880 1122 992 1164 fiunt
1027 1124 1287 1165 musicorum
1322 1125 1515 1165 vaseula.

359 1194 439 1235 His
471 1194 685 1235 mensuris
724 1194 812 1234 Deo
847 1195 964 1234 canit
998 1200 1087 1235 tota
1121 1209 1237 1235 nune
1271 1194 1468 1236 eeclesia.

419 1264 573 1306 Omnis
608 1280 695 1306 vox
729 1265 926 1306 secundm
960 1264 1043 1306 sibi
1081 1266 1277 1319 iungitur
1309 1266 1346 1304 δὲ
1379 1267 1530 1318 tertiae,

360 1335 535 1387 Quartae
570 1351 671 1376 vero
704 1343 833 1391 atque
867 1336 1029 1390 quin-tae
1062 1350 1147 1376 non
1182 1337 1424 1392 iunguntur
1457 1336 1600 1391 aliter,

358 1408 452 1449 Nisi
486 1407 757 1448 diatessaron
792 1407 849 1448 sit
882 1406 942 1447 ibi
977 1405 1046 1447 vel
1082 1406 1303 1462 diapente.

359 1479 480 1520 Tono
513 1479 796 1520 semitoniove
830 1493 916 1519 vox
949 1478 1150 1519 secundm
1186 1479 1415 1533 iungitur,—

358 1551 548 1592 Ditonus
581 1565 682 1591 vero
715 1550 754 1589 &
786 1549 1072 1591 semiditonus
1106 1550 1350 1592 vocabitur.

360 1621 405 1665 Si
440 1637 525 1678 qua
558 1636 660 1663 vero
695 1636 781 1662 vox
817 1621 931 1662 ultra
964 1620 1201 1662 secundam
1236 1622 1411 1663 tertiam
1445 1622 1718 1678 adgreditur,

360 1693 645 1735 Diatessaron
678 1692 876 1745 habetur,
911 1707 1008 1734 cum
1041 1692 1095 1733 ad
1130 1700 1332 1749 quartam
1364 1694 1585 1749 graditur,

363 1766 579 1822 Diapente
612 1766 876 1817 nominatur,
912 1765 1073 1820 quintae
1107 1779 1204 1806 cum
1238 1766 1536 1820 coniungitur.

366 1839 457 1880 Nisi
490 1836 680 1879 motibus
714 1836 780 1877 his
812 1836 926 1877 senis
958 1835 1081 1877 nulla
1115 1850 1202 1877 vox
1233 1836 1497 1878 movebitur.

363 1910 517 1951 Omnis
550 1924 652 1964 ergo
685 1909 902 1950 cantilena
935 1909 1037 1963 quia
1073 1908 1137 1949 his
1172 1909 1370 1964 efficitur,

362 1982 516 2023 Moneo
549 1988 604 2034 te,
638 1980 829 2036 prudens
862 1987 1026 2035 cantor,
1063 1980 1138 2021 hos
1171 1980 1366 2035 perfecte
1399 1979 1588 2022 discere:

363 2055 475 2095 Nam
509 2055 580 2109 qui
613 2053 690 2094 hos
722 2053 846 2108 plene
879 2052 1113 2106 cognoscit,
1148 2050 1210 2092 nil
1245 2053 1288 2092 in
1321 2058 1454 2093 cantu
1488 2051 1675 2092 dubitat.

423 2125 529 2177 Quae
563 2139 689 2165 voces
725 2123 889 2164 elevari
924 2122 995 2164 vel
1027 2123 1208 2177 gravari
1243 2124 1423 2178 possint.

366 2197 482 2252 Ergo
517 2202 672 2252 quater
706 2194 868 2236 elevari
903 2193 973 2236 vel
1006 2195 1181 2249 gravari
1217 2200 1422 2249 poterunt

365 2269 528 2320 Prima,
564 2268 694 2308 tertia
730 2270 768 2308 ἃ
801 2273 970 2322 quarta,
1007 2267 1161 2321 quinta
1193 2272 1326 2321 atquc
1357 2267 1567 2321 septima,

365 2339 509 2382 Sext-00
542 2354 644 2380 vero
678 2339 713 2379 ἅτ
746 2337 947 2378 secundae
979 2351 1066 2378 non
1100 2343 1164 2377 est
1196 2335 1288 2378 haec
1320 2333 1514 2378 lieentia.

364 2411 475 2452 Nam
510 2409 701 2451 secunda
734 2408 791 2450 ad
824 2408 1111 2464 subquartam
1143 2409 1318 2449 minime
1350 2407 1625 2462 gravabitur,

367 2483 512 2538 Atque
545 2495 681 2536 usque
715 2495 845 2536 super
877 2480 1076 2535 quintam
1109 2493 1349 2535 numquam
1382 2478 1639 2520 elevabitur.

366 2554 677 2610 Superquartae
708 2557 747 2596 &
779 2551 1025 2607 subquintae
1058 2558 1182 2592 sexta
1214 2565 1299 2592 non
1333 2550 1630 2604 coniungitur.

796 2674 863 2714 De
894 2686 1040 2713 vocam
1072 2670 1385 2712 discriminibus

369 2770 609 2812 semitonia
641 2773 679 2812 &
711 2769 816 2820 toni,
851 2768 954 2822 quia
988 2766 1258 2808 dissimiliter

369 2840 542 2896 Septem
574 2841 691 2882 sonis
725 2844 998 2894 coaptantur,
1032 2843 1195 2895 septem
1227 2842 1330 2878 sunt
1363 2835 1631 2888 discrimina,
