1996 3150
710 179 860 214 cumo
887 179 1099 217 ARETINQ
1615 159 1681 213 41‘1

122 276 256 319 debat
289 277 334 318 in
366 277 476 331 aliis,
522 283 610 318 tam
642 275 784 318 subito
817 277 861 316 in
896 291 939 317 se
978 274 1320 331 recognosceret.
1354 275 1469 327 Quid
1513 275 1637 332 plura
1660 276 1681 316 ἶ)

57 338 64 345 ’
122 347 383 389 Infirmitate
416 354 596 402 cogente
627 347 775 388 Romae
808 348 969 388 morari
1002 362 1088 388 non
1113 352 1309 402 poteram
1352 346 1422 388 vel
1466 347 1682 388 modicum

119 420 270 461 aestivo
303 419 472 460 fervore
504 420 548 460 in
581 418 683 460 locis
715 419 940 471 maritimis
966 434 1016 459 ac
1034 417 1307 474 palustribus
1340 417 1461 458 nobis
1489 417 1684 459 minante

120 478 358 534 excidium.
393 490 591 532 Tandem
614 489 906 543 condiximus,
935 504 1037 530 mox
1063 489 1221 544 hyeme
1249 488 1458 529 redeunte
1482 504 1550 530 me
1577 487 1680 529 illuc

121 561 278 603 debere
311 562 486 614 reverti,
519 556 733 616 quatenus
765 560 845 601 hoc
879 575 984 616 opus
1017 560 1240 616 praelibato
1283 559 1485 601 Pontifici
1521 573 1684 614 suoque

120 631 234 673 clero
268 632 450 673 debeam
482 631 731 687 propalare.

180 704 282 745 Post
303 717 461 758 paucos
486 701 643 743 dehinc
666 701 758 743 dies
776 702 951 742 Patrem
974 708 1167 742 vestrum
1186 708 1314 757 atque
1332 716 1477 743 meum
1496 701 1552 742 D.
1574 701 1684 742 Gui-

120 774 277 815 donem
293 774 548 828 Pomposiae
567 772 800 826 Abbatem,
822 773 966 813 virum
995 773 1087 814 Deo
1110 774 1143 813 ἃ
1159 771 1408 813 hominibus
1428 772 1580 813 merito
1599 772 1683 812 vir-

121 846 226 885 tutis
259 844 293 884 ἃ
325 844 549 898 sapientiae
592 843 897 884 charissimum
931 844 965 883 ἃ
996 844 1152 884 animae
1193 858 1298 884 meae
1330 849 1499 898 partem
1533 842 1682 883 videre

120 915 299 970 cupiens
332 915 522 969 visitavi,
554 915 627 969 qui
661 914 695 954 ἃ
727 915 817 972 ips-e
861 915 927 955 vir
971 915 1234 969 perspicacis
1283 914 1446 968 ingenii
1489 920 1685 954 nostrum

118 985 478 1041 antiphonarium
495 991 543 1026 ut
562 985 687 1038 vidit,
705 985 923 1041 extemplo
942 984 1145 1040 probavit
1163 986 1198 1025 ἃ
1214 984 1416 1038 credidit,
1440 985 1682 1039 nostrisque

119 1056 290 1098 aemulis
317 1071 362 1097 se
389 1055 607 1111 quondam
643 1056 910 1097 consensisse
952 1058 1156 1112 poenituit
1176 1056 1211 1096 ἃ,
1236 1062 1285 1096 ut
1311 1056 1587 1111 Pomposiam
1612 1071 1684 1097 ve-

125 1128 258 1181 niam,
291 1127 552 1182 postulavit3
585 1127 772 1168 suadens
805 1127 911 1168 mihi
939 1126 1150 1168 monacho
1178 1141 1269 1168 esse
1295 1127 1565 1182 praeferenda
1598 1142 1683 1168 mo-

118 1200 313 1240 nasteria
346 1197 680 1254 episcopatibus,
715 1199 907 1239 maxime
942 1198 1232 1253 Pomposiam,
1258 1204 1439 1253 propter
1478 1198 1680 1247 stadium,

117 1270 233 1325 quod
265 1269 390 1310 modo
423 1275 486 1310 est
517 1284 594 1325 per
627 1270 711 1310 Dei
736 1270 925 1323 gratiam
947 1270 981 1309 ἃ
1006 1269 1349 1311 reverentissimi
1379 1268 1597 1310 Guidonis
1622 1270 1687 1310 111-

118 1342 329 1383 dustriam
360 1357 477 1384 nunc
509 1343 701 1399 primum
725 1327 780 1383 'in
813 1342 944 1384 Italia
975 1349 1215 1398 repertum.

177 1414 310 1455 Tanti
342 1415 489 1469 itaque
521 1415 667 1455 Patris
688 1413 954 1455 orationibus
982 1413 1122 1466 lexus,
1151 1414 1185 1454 ἃ
1210 1416 1440 1469 praeceptis
1464 1413 1684 1459 obediens,

117 1486 238 1541 prius
271 1485 514 1526 auxiliante
545 1485 639 1526 Deo
673 1484 767 1526 volo
800 1484 881 1526 hoc
914 1499 1042 1541 opere
1075 1490 1248 1526 tantum
1282 1485 1315 1525 ἃ
1349 1485 1435 1526 tale
1469 1491 1687 1526 monaste-

117 1558 233 1598 rium
254 1557 483 1611 illustrare,
498 1571 653 1612 meque
671 1557 933 1598 monachum
950 1557 1175 1599 monachis
1192 1562 1436 1612 praestare3
1458 1572 1556 1599 cum
1574 1572 1681 1613 prae-

123 1630 274 1670 sertim
309 1630 545 1669 simoniaca
578 1628 731 1669 haeresi
763 1628 889 1669 modo
914 1643 1046 1684 prope
1080 1629 1248 1670 cunctis
1270 1628 1490 1669 damnatis
1515 1620 1685 1684 episco-

117 1702 197 1756 pis,
232 1702 412 1741 timeam
446 1701 666 1761 intaliquo
699 1701 983 1741 comunicari.

176 1772 262 1814 Sed
295 1773 397 1827 quia
429 1762 493 1813 ad*
516 1786 706 1827 praesens
751 1773 902 1813 venire
934 1787 1020 1813 non
1063 1787 1253 1827 possum,
1288 1772 1464 1813 interim
1488 1759 1589 1812 ¹tibi
1632 1772 1685 1813 de

118 1843 383 1884 inveniendo
417 1845 564 1898 ignoto
599 1849 732 1885 cantu
764 1844 978 1899 optimum
1011 1843 1153 1898 dirigo
1190 1849 1512 1898 argumentum,
1548 1858 1686 1898 nuper

115 1914 240 1956 nobis
274 1930 300 1956 a
333 1915 427 1956 Deo
475 1914 639 1969 datum,
675 1915 709 1954 ἃ
738 1913 976 1955 utillimum
1011 1914 1354 1969 comprobatum.
1398 1914 1466 1954 De
1514 1913 1684 1969 reliquo

117 1987 174 2028 D.
208 1985 450 2027 Martinum
481 1986 680 2027 Priorem
713 2000 848 2027 sacrae
880 1985 1247 2041 congregationis,
1283 1990 1569 2040 nostrumque
1600 2000 1687 2026 ma-

115 2058 287 2098 ximum
319 2057 564 2098 adiutorem
596 2057 833 2112 plurimum
881 2056 1037 2111 saluto,
1070 2057 1252 2112 eiusque
1285 2056 1471 2097 orationi
1504 2071 1573 2097 me
1604 2058 1686 2097 mi-

117 2143 261 2170 serum
287 2128 479 2184 plurima
504 2143 633 2184 prece
661 2128 930 2170 commendo.
956 2129 1161 2170 Fratrem
1193 2142 1363 2183 quoque
1389 2127 1569 2168 Petrum
1595 2142 1700 2179 meg

116 2214 282 2242 morem
315 2201 517 2242 memoris
550 2215 642 2241 esse
665 2214 927 2254 commone0‚
956 2201 1030 2256 qui
1057 2206 1205 2240 nostro
1233 2198 1347 2240 lacte
1376 2200 1568 2240 nutritus
1600 2213 1686 2240 non

120 2272 214 2312 sine
246 2271 393 2313 labore
425 2272 616 2313 maximo
649 2272 813 2327 agresti
845 2272 1040 2312 vescitur
1066 2270 1245 2324 hordeo,
1273 2270 1307 2310 Sc
1328 2276 1424 2326 post
1450 2284 1584 2311 aurea
1611 2285 1682 2323 po-

119 2342 220 2384 cula
250 2343 344 2384 vini
377 2342 604 2384 confusum
630 2342 745 2384 bibit
777 2349 965 2384 acetum.

640 2473 707 2514 De
739 2473 878 2528 ignoto
920 2470 1062 2513 Canta
1090 2472 1154 2530 (l)

178 2578 247 2620 Ad
268 2578 581 2620 inveniendum
609 2580 744 2634 igitur
767 2580 964 2634 ignotum
992 2585 1183 2633 cantum,
1205 2578 1455 2621 beatissime
1489 2579 1646 2619 Frater
1667 2577 1675 2618 !

118 2650 261 2705 prima
292 2650 327 2690 ἃ
357 2649 555 2705 vulgaris
588 2650 743 2705 regula
786 2650 878 2692 haec
917 2657 994 2704 est,
1030 2651 1065 2692 si
1106 2650 1287 2703 litteras,
1323 2664 1430 2705 quas
1474 2647 1683 2705 quaelibet

168 2793 221 2839 (1)
249 2792 429 2828 Gerberto
454 2804 530 2828 non
556 2791 679 2828 divide
702 2792 806 2827 dalla
831 2792 971 2828 lettera
1010 2791 1068 2828 cio
1107 2792 1176 2828 che
1213 2803 1354 2838 segue:
1381 2802 1442 2826 ma
1481 2791 1521 2825 in
1562 2790 1684 2825 taluni

119 2851 251 2888 Codici
270 2852 289 2886 e
308 2852 381 2887 ben
408 2850 578 2898 distinto,
597 2864 617 2889 e
634 2852 723 2899 pero
741 2852 803 2888 noi
828 2852 1017 2888 crediamo
1033 2851 1070 2887 di
1089 2852 1202 2888 (101181-
1220 2855 1353 2887 tenere
1369 2853 1505 2897 questa
1521 2848 1683 2895 pratiea.
