2012 3182
309 158 377 193 368
905 155 1055 190 GUIDO
1082 155 1296 190 ARETINO

308 254 523 295 memoriae
559 252 828 305 adiungitur,
856 265 904 292 eo
932 256 1077 291 tamen
1100 240 1440 292 monochordum
1473 249 1690 293 velociore
1723 251 1877 294 eeleri-

308 330 396 365 tate
429 323 717 377 componitur⁷
752 321 831 362 hoe
866 321 1010 361 modo:
1045 335 1143 361 eum
1176 321 1368 376 primum
1401 337 1426 362 a
1453 318 1485 362 Γ
1520 322 1577 363 ad
1609 322 1740 363 finem
1773 338 1871 378 pas-

308 409 379 435 sus
406 408 576 446 novem,
602 392 647 433 id
674 398 750 446 est,
771 391 1009 447 particulas
1029 391 1176 444 facies,
1201 392 1367 447 primus
1391 408 1543 451 passus
1565 391 1876 435 terminabitur

309 466 351 505 iu
386 464 443 519 A,
477 463 692 505 secundus
738 468 895 504 vacat:
932 463 1085 503 tertius
1119 463 1163 503 in
1196 463 1256 512 D,
1291 470 1472 518 quartus
1521 470 1662 518 vacat,
1696 465 1875 520 quintus

308 567 353 607 in
375 582 417 616 a,
442 571 591 607 sextus
616 566 659 605 in
679 564 719 619 (Z7
746 564 954 619 septimus
978 566 1022 605 in
1039 550 1084 634 Z:
1104 563 1261 619 reliqui
1293 571 1466 606 vacant.
1490 564 1601 605 Item
1625 579 1724 606 eum
1748 564 1803 606 ab
1831 564 1870 605 A

307 682 443 722 usque
475 666 530 707 ad
562 666 692 707 finem
726 665 907 706 novenis
941 664 1137 720 passibus
1171 666 1365 720 partiris,
1397 666 1563 721 primus
1596 680 1749 720 passus
1790 672 1876 706 ter-

308 738 549 779 minabitur
581 738 625 777 in
659 737 713 787 B>
749 736 963 777 secundus
997 742 1145 777 vacat:
1174 737 1329 778 tertius
1358 738 1403 778 in
1434 737 1487 787 E,
1515 743 1696 792 quartus
1723 744 1871 778 vacat:

1322 808 1335 862 h

309 841 484 894 quintus
519 839 562 879 in
595 838 622 891 h,
657 845 806 880 sextus
850 839 893 879 in
927 853 961 888 6>
996 840 1204 894 septimus
1244 837 1288 879 in
1322 854 1354 920 h:
1384 839 1541 894 reliqui
1571 844 1742 879 vacant.
1761 838 1873 879 Item

307 955 405 981 eum
438 955 462 980 a
497 940 526 984 Γ
562 939 618 980 ad
652 939 781 981 finem
817 941 1041 995 quaternis
1076 939 1251 992 dividis,
1286 941 1453 995 primus
1487 955 1637 996 passus
1665 941 1875 980 termina-

305 1012 423 1054 bitur
451 1013 495 1053 in
528 1011 576 1062 C,
602 1012 819 1053 secundus
842 1013 884 1052 iu
916 1012 968 1068 G,
991 1014 1146 1053 tertius
1175 1013 1219 1053 in
1245 1027 1286 1067 (s,
1305 1019 1489 1067 quartus
1512 1012 1623 1054 finit.
1652 1011 1693 1052 A
1723 1010 1879 1053 Cvero

307 1084 362 1125 ad
389 1084 519 1124 finem
547 1084 748 1124 similiter
771 1090 958 1138 quatuor
984 1098 1202 1138 passuum,
1228 1085 1397 1139 primus
1424 1082 1739 1125 terminabitur
1763 1083 1804 1124 in
1829 1083 1884 1137 Ε),

307 1185 522 1227 secundus
551 1185 595 1225 in
631 1200 664 1237 e,
707 1185 861 1225 tertius
888 1185 933 1225 in
977 1171 1018 1254 Ξ,
1053 1191 1235 1240 quartus
1268 1184 1377 1226 finit.
1411 1185 1481 1226 Ab
1509 1186 1673 1226 Fvero
1706 1191 1883 1241 quater--

308 1303 461 1329 uorum
490 1303 697 1343 passuum
725 1287 889 1342 primus
923 1285 1235 1326 terminabitur
1262 1286 1306 1326 in
1333 1286 1355 1326 b
1382 1285 1633 1338 rotundum,
1661 1284 1879 1326 secundus

308 1360 352 1400 in
375 1359 416 1414 f,
452 1359 604 1400 tertius
629 1359 673 1398 in
702 1374 721 1398 e.
752 1359 813 1411 (1)
841 1357 881 1397 A
906 1357 927 1397 ἶ)
961 1372 1062 1398 vero
1098 1357 1286 1398 rotunda
1309 1363 1494 1412 quatuor
1522 1371 1726 1412 passuum
1748 1357 1791 1397 in
1815 1370 1878 1397 se-

725 1431 738 1483 h
1282 1444 1308 1469 a

307 1460 447 1502 eundo
494 1460 692 1501 invenies
725 1490 740 1517 'u
771 1458 928 1514 reliqui
965 1465 1136 1499 vacant.
1170 1458 1240 1499 Ab
1282 1504 1308 1528 α
1343 1473 1447 1501 vero
1480 1464 1741 1513 superacuta
1774 1471 1881 1512 qua-

726 1519 739 1541 4
1411 1515 1414 1518 .

1175 1560 1202 1600 d

312 1599 408 1633 tuor
440 1605 661 1647 passuum,
697 1591 741 1631 in
774 1592 916 1645 primo
951 1590 1147 1630 invenies
1176 1605 1232 1659 d:
1263 1589 1420 1645 reliqui
1445 1595 1617 1630 vacant.
1648 1589 1704 1629 Et
1732 1587 1784 1628 de
1812 1587 1880 1628 di-

307 1691 617 1749 spositionibus
650 1691 711 1732 hii
735 1691 819 1733 duo
854 1690 1104 1745 regularum
1133 1690 1248 1731 modi
1278 1690 1513 1743 sufficiant,
1543 1704 1725 1746 quorum
1753 1703 1882 1744 supe-

309 1766 397 1806 rior
429 1763 609 1820 quidem
634 1763 787 1804 modus
815 1763 871 1804 ad
894 1762 1227 1804 memorandum
1250 1761 1499 1803 facillimus.
1520 1761 1605 1802 Hic
1626 1775 1728 1802 vero
1755 1765 1879 1802 extat

309 1835 365 1877 ad
397 1834 648 1880 faciendum
682 1834 950 1875 celerrimus.
987 1834 1038 1875 In
1072 1833 1355 1890 sequentibus
1389 1848 1492 1874 vero
1521 1848 1667 1874 omnes
1695 1831 1876 1873 divisio-

308 1922 412 1948 num
446 1906 561 1947 modi
595 1907 639 1946 in
673 1906 795 1947 brevi
830 1905 1060 1961 patebunt.

940 2117 1141 2160 CAPUT
1180 2118 1246 2158 IV

479 2241 634 2275 QUIBUS
666 2241 744 2269 SEX
777 2241 908 2268 MODIS
940 2240 1023 2267 SIBI
1058 2238 1247 2266 INVICEM
1282 2237 1415 2265 VOCES
1450 2236 1710 2265 IUNGANTUR

370 2371 605 2426 Dispositis
640 2371 786 2425 itaque
820 2368 1001 2410 vocibus
1035 2370 1149 2409 inter
1182 2381 1331 2408 vocem
1357 2367 1392 2407 ἃ
1413 2380 1578 2419 vocem,
1601 2365 1710 2406 alias
1738 2365 1881 2410 maius

309 2442 498 2498 spatium
530 2441 738 2494 cernitur7
772 2447 820 2481 ut
854 2441 967 2481 inter
1001 2440 1032 2484 Γ
1068 2440 1103 2480 ἃ
1140 2438 1194 2493 A,
1228 2439 1263 2479 <Q
1298 2439 1409 2479 inter
1442 2436 1481 2478 A
1512 2437 1547 2478 S:
1576 2437 1630 2486 B,
1659 2437 1765 2478 alias
1800 2437 1878 2477 mi-

356 2656 407 2700 (1)
435 2654 522 2689 Mss.
543 2653 637 2688 O‘r'r.
659 2654 696 2692 ἃ
712 2653 808 2686 ADM.
828 2652 856 2685 A
875 2653 894 2686 b
914 2650 1003 2686 item
1023 2651 1184 2686 rotunda
1204 2650 1250 2684 ad
1272 2649 1383 2685 finem
1400 2649 1554 2683 duorum
1577 2658 1754 2692 passuum
1777 2646 1882 2691 prior

308 2724 528 2761 terminabit
566 2703 614 2783 (ί),
641 2723 827 2759 secundus
853 2721 950 2757 finit.
978 2723 1005 2756 A
1035 2723 1057 2757 d
1084 2733 1169 2757 vero
1197 2722 1243 2756 ad
1269 2721 1383 2756 finem
1409 2720 1564 2754 duorum
1584 2717 1758 2754 similiter
1791 2729 1877 2763 pas—

311 2832 429 2866 suum,
451 2820 550 2867 prior
577 2818 798 2856 terminabit
823 2817 862 2853 in
879 2793 919 2875 g,
939 2817 1126 2852 secundus
1153 2815 1252 2851 finit.
