1996 3150
752 146 902 183 GUIDO
928 147 1142 184 ARETINO
1655 152 1724 186 429

162 241 444 296 quitertiam3
487 242 692 298 diapente
741 251 886 286 autem
936 260 1012 301 per
1051 245 1397 301 sesquialteram.
1444 245 1722 303 Quapropter

162 317 290 352 tonus
323 313 462 353 omnis
494 312 543 354 fit
574 315 756 355 novenis
789 315 1001 370 passibus,
1037 315 1309 357 diatessaron
1353 319 1589 372 quaternis,
1632 317 1723 358 dia·

162 388 292 436 pente
325 397 427 424 vero
462 385 608 425 ternis.
635 384 858 440 Diapason
887 391 1031 427 autem
1057 385 1216 442 ubique
1242 387 1291 428 fit
1314 387 1483 429 duobus
1509 387 1722 444 passibus,

161 465 260 492 cum
293 458 336 493 et
368 452 562 494 vicissim
595 452 679 494 sibi
713 455 758 495 in
791 457 1175 497 consonantiarum
1208 457 1406 511 partibus
1433 458 1685 500 succedunt.
1706 464 1718 475 ’

906 581 978 623 ΙΙΙ

162 690 219 717 DE
259 689 567 718 CONSONANTIA
600 690 681 718 sEL‘
713 691 879 719 XEUMIS
917 692 1251 722 CONVENOENTIA
1288 694 1436 723 VOCL'M
1476 695 1724 723 EARUMDEM

220 787 375 830 Omnis
416 795 562 830 autem
600 789 820 835 cantilena
854 797 1017 846 septem
1051 791 1337 834 dissimilibus
1375 793 1555 835 vocibus
1597 793 1724 849 perfi-

159 859 288 912 citur,
323 874 380 900 ex
412 860 572 915 quibus
610 861 694 901 alie
727 867 826 902 sunt
858 876 1056 916 consone,
1091 863 1175 904 alie
1209 878 1310 904 vero
1357 864 1542 906 dissone.
1577 866 1724 906 Prima

158 931 307 986 itaque
340 937 382 972 et
414 938 574 986 quarta
606 946 694 973 vox
727 938 873 974 ternas
897 933 940 974 in
968 933 1251 989 dispositione
1285 949 1335 975 ac
1361 935 1487 976 binas
1514 937 1559 976 in
1581 935 1722 976 eleva-

160 1002 279 1042 tione
313 1002 558 1043 simillimas
591 1002 755 1044 habent
788 1003 1009 1045 formulas.
1042 1005 1104 1045 At
1136 1005 1327 1046 secunda
1362 1012 1403 1046 et
1437 1007 1587 1061 quinta
1619 1022 1725 1062 qua-

160 1079 260 1114 tuor
281 1074 326 1114 in
348 1073 615 1128 depositione
638 1080 680 1114 et
703 1089 837 1114 unam
865 1075 910 1115 in
937 1074 1192 1118 elevatione.
1219 1075 1354 1116 Porro
1382 1077 1513 1117 tertia
1536 1084 1578 1118 et
1600 1083 1725 1118 sexta

158 1150 346 1199 quatuor
378 1144 434 1185 ab
467 1144 748 1186 inferioribus
781 1145 946 1186 similes
979 1145 1143 1187 habent
1176 1146 1402 1199 formulas,
1435 1162 1461 1188 a
1493 1149 1726 1202 superiori·

157 1215 239 1256 bus
271 1230 353 1256 nec
380 1230 526 1257 unam.
555 1216 657 1257 Post
691 1216 769 1257 has
797 1223 953 1272 quarta
976 1232 1001 1257 a
1028 1218 1212 1272 septima
1239 1217 1497 1259 dissociatur
1524 1218 1725 1274 amplius,

157 1300 238 1327 nec
271 1285 404 1328 ullam
437 1287 630 1328 retinent
661 1288 990 1342 proportionum
1018 1289 1347 1329 consonantiam
1374 1288 1429 1329 ad
1456 1304 1500 1329 se
1524 1289 1726 1330 invicem.

157 1357 358 1413 Itemque
385 1359 526 1412 prima
550 1365 593 1399 et
620 1359 773 1413 quinta
792 1365 978 1414 quatuor
1001 1374 1026 1400 a
1053 1359 1351 1414 superioribus
1374 1360 1536 1401 similes
1564 1360 1726 1401 habent

157 1428 380 1482 formulas,
399 1444 424 1469 a
449 1429 717 1484 depositione
745 1436 889 1470 autem
906 1431 1138 1471 neminem.
1166 1430 1367 1472 Secunda
1394 1446 1496 1472 vero
1524 1446 1571 1471 ac
1603 1438 1725 1472 sexta

159 1502 384 1556 quaternis
405 1501 602 1542 formulis
625 1501 837 1542 similibus
862 1501 1092 1543 elevantur
1116 1517 1166 1543 ac
1189 1517 1276 1543 una
1295 1502 1592 1558 deponuntur:
1613 1503 1726 1544 unde

158 1578 201 1613 et
233 1578 420 1627 utraque
452 1578 576 1627 proto
609 1572 821 1613 scribitur
841 1574 919 1627 (l).
953 1573 1106 1613 Tertia
1139 1576 1240 1613 vero
1275 1579 1317 1614 et
1358 1574 1543 1628 septima
1579 1580 1724 1615 ternas

158 1643 424 1684 elevationes
439 1658 489 1684 ac
506 1643 632 1684 binas
651 1642 941 1698 depositiones
960 1643 1138 1698 habent,
1160 1644 1324 1702 similes
1346 1650 1389 1685 et
1414 1644 1580 1685 deuteri
1609 1644 1724 1685 modi

160 1719 327 1757 extant.
362 1714 474 1754 Nam
507 1728 611 1754 vero
645 1721 802 1768 quarta
829 1729 926 1755 cum
959 1720 1116 1755 octava
1146 1715 1276 1755 unius
1300 1716 1345 1755 in
1369 1730 1457 1756 una
1485 1715 1724 1756 elevatione

159 1785 437 1826 conveniunt.
470 1784 808 1840 Notandumque
849 1791 914 1826 est
961 1786 1064 1840 quia
1106 1785 1172 1826 hae
1215 1786 1345 1826 unius
1385 1801 1476 1827 esse
1521 1786 1726 1826 dicantur

159 1855 276 1897 modi
295 1855 374 1912 (2),
397 1854 606 1896 habentes
629 1855 788 1897 similes
812 1855 1075 1897 elevationes
1094 1862 1136 1897 et
1153 1856 1454 1911 depositiones,
1477 1856 1725 1897 nullatenus

159 1935 306 1970 tamen
333 1929 480 1984 aliqua
512 1943 569 1969 ex
602 1928 669 1969 his
703 1943 801 1969 cum
834 1928 981 1983 aliqua
1013 1927 1097 1969 sibi
1132 1928 1401 1983 depositione
1427 1927 1722 1979 concordanti,

159 2001 404 2042 elevatione
430 1999 685 2052 concordat3
710 2006 787 2040 aut
812 1999 1090 2040 convenienti
1114 2000 1159 2040 in
1183 1998 1438 2052 elevatione,
1462 1999 1719 2054 depositioni

161 2070 410 2113 concordat.

913 2198 979 2239 IV

468 2309 527 2337 DE
558 2309 900 2338 AFF'INITATIBUS
933 2308 1221 2336 DIVERSARUM
1255 2307 1418 2336 VOCUM.

329 2381 388 2409 DE
423 2381 609 2409 PROPRIO
641 2381 728 2408 VEL
762 2379 1003 2409 ADIECTIVO
1036 2379 1280 2409 ACCIDENTI
1313 2379 1555 2412 UNICUIQUE

220 2478 495 2535 Unaqueque
527 2493 629 2520 vero
653 2493 810 2520 vocum
830 2478 965 2520 habet
986 2477 1155 2533 aliquid
1179 2478 1417 2533 proprium,
1447 2476 1549 2516 dum
1572 2490 1723 2516 earum

159 2550 349 2591 affinitas
380 2564 468 2591 non
500 2564 556 2590 ex
581 2555 669 2590 toto
692 2550 894 2591 acumine
922 2548 991 2591 vel
1013 2550 1233 2603 gravitate
1267 2547 1543 2600 concordant,
1573 2554 1614 2588 et
1643 2546 1725 2587 ali-

207 2690 260 2735 (1)
288 2689 397 2724 Gerb.
423 2691 474 2724 ha
499 2690 777 2725 adscribuntur.

208 2750 261 2795 (2)
287 2748 467 2784 Gerberto
493 2748 703 2795 aggiunge:
733 2760 814 2794 quce
838 2749 1035 2784 elevatione
1055 2748 1173 2794 maqis
1198 2746 1433 2783 conveniunt.
1459 2746 1532 2791 che
1552 2746 1722 2790 quamvis

161 2810 276 2844 unius
301 2818 378 2843 esse
403 2808 578 2844 dieantur
605 2808 703 2844 modi
727 2812 798 2843 etc.
