1996 3150
717 207 862 244 GUIDO
890 209 1102 246 ARETINO
1621 208 1688 243 381

137 306 241 346 sitas
263 311 484 360 troporum
511 305 759 348 diversitati
785 308 995 349 mentium
1022 315 1265 364 coaptatur,
1285 315 1334 350 ut
1358 322 1469 349 unus
1495 306 1694 349 authenti

136 376 300 418 deuteri
335 376 488 419 fractis
519 377 702 419 saltibus
734 378 997 441 delectetur3
1031 379 1140 421 alius
1173 380 1311 436 plagae
1343 380 1436 421 triti
1458 378 1594 435 eligat
1620 393 1692 420 vo-

135 448 366 504 luptatem3
397 451 474 490 uni
507 449 743 504 garrulitas
784 451 968 492 tetrardi
1002 453 1169 493 autenti
1201 452 1340 506 magis
1371 451 1541 507 placet3
1583 450 1694 492 alter

135 519 327 573 eiusdem
360 519 498 576 plagae
519 522 782 562 suavitatem
814 521 996 584 pro-bat3
1029 523 1091 564 sic
1125 531 1155 567 ὣ
1185 522 1238 563 de
1269 522 1464 579 reliquis.

194 591 285 633 Nec
316 593 487 644 mirum,
519 592 556 632 si
590 593 802 633 varietate
844 607 1049 635 sonorum
1092 593 1338 636 delectatur
1374 594 1562 648 auditus,
1596 609 1693 636 cum

134 665 347 705 varietate
380 662 570 704 colorum
605 663 850 717 gratuletur
878 665 1011 718 visus,
1040 666 1256 707 varietate
1282 665 1462 707 odorum
1496 666 1694 708 foveatur

135 735 329 787 olfactus,
356 735 621 789 mutatisque
644 734 873 790 saporibus
896 734 1048 790 lingua
1069 737 1357 792 congaudeat.
1381 737 1454 779 Sic
1476 737 1591 779 enim
1616 753 1695 794 per

134 807 368 847 fenestram
406 807 598 861 corporis
631 805 960 848 delectabilium
992 822 1136 849 rerum
1169 811 1363 851 suavitas
1397 811 1533 852 intrat
1562 811 1694 852 mira-

134 877 284 919 biliter
314 877 557 933 penetralia
588 877 746 919 cordis.
780 878 890 920 Inde
922 885 987 920 est
1017 880 1131 935 quod
1165 881 1277 922 sicut
1316 881 1591 936 quibusdam,
1625 897 1695 924 co-

133 948 294 990 loribus
317 956 359 990 et
383 948 600 1002 odoribus,
624 949 694 990 vel
721 950 854 991 etiam
885 950 1078 992 colorum
1109 952 1271 992 intuitu
1298 951 1412 993 salus
1440 958 1526 994 tam
1553 953 1695 994 cordis

133 1036 264 1077 quam
297 1021 488 1076 corporis
520 1020 588 1062 vel
621 1022 834 1062 minuitur
866 1021 935 1062 vel
969 1030 1169 1077 augetur.
1201 1023 1272 1063 Ita
1303 1023 1536 1078 quondam,
1565 1032 1613 1066 ut
1637 1025 1693 1066 le-

134 1094 266 1149 gitur,
299 1092 475 1148 quidam
507 1092 786 1148 phreneticus
828 1099 1011 1134 canente
1043 1093 1305 1148 Asclepiade
1342 1094 1510 1136 medico
1542 1095 1596 1137 ab
1630 1097 1696 1137 in-

135 1165 256 1205 sania
289 1171 529 1204 revocatus.
564 1163 622 1204 Et
654 1163 758 1204 item
801 1163 912 1205 alius
955 1164 1134 1219 quidam
1175 1164 1355 1206 citharae
1397 1167 1617 1208 suavitate
1649 1170 1695 1209 in

134 1242 299 1276 tantam
332 1234 562 1275 libidinem
594 1235 816 1288 incitatus,
849 1242 897 1277 ut
928 1235 1179 1278 cubiculum
1211 1236 1366 1292 puellae
1393 1246 1608 1294 quaereret
1633 1239 1694 1280 ef-

134 1307 325 1362 fringere
359 1305 653 1348 dementatus:
689 1321 876 1363 moxque
909 1307 1142 1350 citharaedo
1181 1315 1380 1350 mutante
1411 1310 1587 1352 modum
1620 1325 1694 1352 vo-

133 1377 312 1434 luptatis
336 1379 596 1434 poenitentia
622 1378 801 1420 ductum
828 1380 1055 1421 recessisse
1092 1380 1331 1422 confusum.
1354 1381 1465 1423 Item
1491 1392 1521 1428 6„-
1547 1382 1695 1425 David

131 1448 235 1491 Saul
260 1449 518 1491 daemonium
534 1449 704 1491 cithara
723 1449 953 1506 mitigabat
973 1452 1001 1490 ’83
1023 1452 1307 1493 daemonicam
1323 1452 1539 1495 feritatem
1562 1454 1691 1496 huius

134 1523 240 1563 artis
273 1523 436 1577 potenti
468 1523 514 1563 vi
547 1537 597 1563 ac
629 1523 847 1564 suavitate
878 1522 1125 1578 frangebat.
1153 1522 1258 1575 Quae
1284 1530 1429 1566 tamen
1456 1526 1523 1566 vis
1558 1525 1694 1567 solum

135 1593 295 1635 divinae
322 1594 547 1650 sapientiae
574 1593 630 1635 ad
656 1593 831 1649 plenum
857 1600 992 1650 patet.
1016 1594 1104 1636 Nos
1133 1609 1237 1637 vero
1266 1611 1360 1652 quae
1388 1598 1431 1637 in
1463 1599 1696 1653 aenigmate

134 1664 190 1706 ab
223 1664 325 1706 inde
357 1667 642 1721 percepimus,
676 1666 721 1706 in
754 1665 918 1707 divinis
949 1665 1153 1708 laudibus
1185 1674 1373 1709 utamur.
1403 1667 1489 1710 Sed
1515 1669 1618 1725 quia
1641 1669 1694 1710 de

132 1736 260 1778 huius
292 1738 400 1778 artis
434 1738 597 1778 virtute
629 1738 707 1778 vix
739 1752 881 1794 pauca
912 1737 1354 1795 libavimus,'{quibus
1388 1739 1443 1781 ad
1475 1739 1585 1782 bene
1607 1755 1695 1782 mo-

133 1808 374 1851 dulandum
407 1808 537 1852 rebus
570 1824 676 1865 opus
708 1811 778 1864 sit,
812 1809 1055 1852 videamus.

757 2035 956 2078 CAPUT
990 2036 1077 2078 XV

426 2180 484 2207 m:
515 2179 726 2208 COMMODA
760 2180 1053 2210 COMPONENDA
1085 2182 1405 2211 MonunArioxE

187 2308 331 2363 Igitur
358 2308 724 2364 quemadmodum
747 2310 793 2350 in
821 2311 969 2350 metris
997 2316 1097 2352 sunt
1117 2310 1271 2352 litterae
1305 2316 1335 2353 ὣ
1362 2312 1553 2368 syllabae,
1596 2329 1691 2370 par-

133 2386 210 2433 tes,
252 2380 281 2417 ὁι
311 2380 455 2435 pedes,
497 2394 548 2421 ac
588 2395 764 2434 versus3
810 2381 870 2421 ita
909 2383 938 2420 ἁ-
966 2382 1010 2422 in
1053 2381 1281 2424 harmonia
1326 2390 1426 2425 sunt
1467 2384 1694 2441 phthongi,

133 2450 178 2491 id
209 2457 287 2503 est,
321 2452 427 2505 soni,
457 2465 641 2506 quorum
672 2466 798 2504 unus,
832 2451 928 2505 duo,
960 2452 1027 2494 vel
1059 2460 1146 2496 tres
1178 2462 1386 2512 aptantur
1411 2457 1457 2498 in
1484 2457 1690 2513 syllabas,

132 2523 320 2577 ipsaeque
359 2523 456 2564 solae
496 2523 564 2564 vel
599 2523 856 2579 duplicatae3
889 2526 1106 2577 Naaman,
1142 2527 1187 2568 id
1221 2534 1298 2581 est,
1334 2536 1503 2584 partem
1537 2533 1691 2572 consti·

131 2600 260 2635 tuunt
300 2594 550 2650 cantilenae3
592 2596 667 2637 sed
707 2611 807 2652 pars
852 2612 939 2638 una
974 2599 1040 2640 vel
1079 2599 1223 2655 plures
1269 2600 1595 2643 distinctionem
1627 2602 1692 2643 fa-

131 2665 264 2718 ciunt,
297 2665 341 2706 id
373 2673 451 2720 est,
483 2681 723 2722 congruum
765 2670 1065 2724 respirationis
1098 2670 1252 2713 locum.
1285 2672 1354 2713 De
1396 2672 1551 2728 quibus
1583 2673 1691 2715 illud

63 2736 70 2744 '
132 2743 197 2777 est
228 2737 479 2793 notandum,
512 2740 626 2796 quod
659 2747 749 2781 tota
781 2756 883 2797 pars
926 2757 1168 2799 compresse
1202 2747 1228 2783 «Q
1263 2744 1453 2786 notanda
1493 2752 1521 2787 ὰ·
1553 2746 1688 2801 expri-

133 2807 289 2849 menda
321 2818 397 2861 est,
430 2810 601 2866 syllaba
633 2827 735 2854 vero
769 2816 1067 2869 compressius,
1103 2822 1224 2856 tenor
1259 2830 1373 2868 vero,
1400 2815 1444 2857 id
1471 2823 1546 2871 est,
1570 2831 1690 2860 mora

134 2878 294 2922 ultimae
328 2883 460 2937 vocis,
495 2885 568 2939 qui
602 2886 646 2926 in
679 2884 851 2941 syllaba
882 2887 1305 2947 quantuluscumque
1344 2895 1409 2931 est
1440 2889 1623 2945 amplior
1645 2891 1688 2932 in
