1996 3150
717 219 868 255 GUIDO
896 219 1111 255 ARETINO
1631 219 1700 252 399

185 313 338 356 Tertia
371 314 576 357 conducit
609 322 792 369 sextam,
826 331 967 372 neque
1003 323 1143 358 mutat
1176 316 1415 373 calculum,

189 385 334 427 Causa
366 388 559 442 septimae
592 402 617 427 a
650 386 837 428 Gramma
873 390 935 441 (1)
973 388 1041 429 fac
1075 389 1209 430 totius
1243 388 1448 441 medium,

188 457 315 499 Tunc
346 473 372 500 a
403 460 545 514 prima
578 460 639 499 sic
673 465 829 499 octava
861 459 1002 500 locum
1037 461 1169 501 sumit
1201 461 1443 516 proprium.

189 529 283 570 Iino
315 530 457 585 prima
489 531 545 571 sit
577 545 602 570 a
634 531 788 585 prima,
822 545 962 586 neque
997 538 1138 572 mutat
1172 546 1417 572 numerum.

189 600 261 642 Sic
293 601 483 642 secunda
516 601 592 642 dat
624 601 874 654 secundam,
910 602 1130 657 tertiaque
1164 603 1353 654 tertiam,

189 671 358 723 Quarta
389 678 605 728 quartam,
641 673 794 727 quinta
827 673 1041 728 quintam,
1076 687 1256 728 quaeque
1290 688 1414 714 suam
1447 673 1656 714 litteram.

188 742 405 784 Gravium
439 749 613 783 acutam
646 745 790 797 signat
823 758 900 798 per
933 743 1131 784 eamdem
1165 743 1372 797 litteram,

189 812 320 855 Vocis
352 814 502 869 primae
536 813 592 854 ad
626 820 826 855 octavam
858 814 929 855 vel
961 814 1159 856 eamdem
1193 814 1399 856 litteram.

186 885 315 926 Hanc
348 884 625 926 concordiam
656 900 860 926 sonorum
893 885 1106 941 diapason
1141 887 1381 938 nominant,

186 955 321 998 Cuius
353 971 511 998 nomen
544 964 608 998 est
641 956 693 998 de
727 958 896 998 cunctis
929 957 1193 999 translatum
1229 957 1285 998 ad
1317 957 1527 1010 litteram,

186 1027 348 1069 Omnes
381 1029 484 1084 quia
517 1027 649 1069 habet
680 1043 823 1081 voces,
856 1028 927 1069 vel
963 1030 1065 1084 quia
1098 1034 1233 1070 totam
1268 1028 1429 1069 lineam

185 1099 271 1140 Per
304 1099 410 1141 duos
442 1101 633 1155 partitur
665 1114 817 1155 passus
851 1100 897 1140 in
933 1100 1130 1140 eamdem
1165 1100 1378 1151 litteram3

184 1171 251 1212 Ea.
282 1170 437 1227 bisque
470 1171 693 1226 geminata
726 1170 1070 1212 monochordum
1103 1172 1328 1214 terminat.

185 1241 389 1297 Quinque
422 1241 556 1283 habet
588 1243 684 1297 ipsa
715 1248 855 1295 tonos,
891 1241 975 1283 duo
1008 1243 1253 1283 semitonia.

183 1312 331 1354 Habet
363 1313 408 1354 in
442 1327 485 1354 se
518 1312 737 1368 diapente,
775 1319 908 1368 atque
941 1312 1225 1355 diatessaron.

181 1384 382 1426 Maxima
413 1383 775 1440 symphoniarum
806 1387 845 1426 &
877 1399 1034 1426 vocum
1067 1391 1132 1426 est
1164 1386 1326 1426 unitas.

183 1456 334 1510 Miror,
369 1462 554 1512 quatuor
585 1455 798 1511 quosdam
831 1456 984 1497 fecisse
1017 1457 1141 1510 signa
1177 1455 1370 1509 vocibus,

183 1527 321 1580 Quasi
355 1528 517 1584 quintae
551 1528 636 1568 sint
669 1527 841 1580 eaedem,
877 1542 1062 1583 quarum
1097 1527 1294 1583 quaedam
1321 1527 1559 1579 dissonant,

182 1599 408 1652 Quaedam,
443 1600 644 1655 quamvis
677 1600 764 1640 sint
796 1599 960 1652 affines,
994 1614 1080 1640 non
1113 1599 1304 1654 perfecte
1337 1609 1592 1642 consonant.

662 1755 693 1795 I
693 1762 771 1798 tem
797 1755 845 1796 cle
877 1754 1154 1795 divisionibus

182 1884 294 1925 Item
328 1883 514 1926 Gramma
546 1884 598 1925 de
630 1885 813 1925 novenis
845 1883 1061 1940 passibus,
1095 1898 1201 1940 quos
1234 1883 1440 1937 diximus,

181 1955 307 1998 Sicut
338 1957 525 2011 primam
555 1972 709 2012 passus
742 1958 920 2012 primus,
955 1958 1017 1998 sic
1051 1956 1126 1998 dat
1158 1963 1361 2013 quartam
1393 1958 1563 2010 tertius,

181 2028 377 2069 Primam
410 2029 600 2084 quintus,
627 2035 829 2084 quartam
856 2035 1015 2081 sextus,
1043 2029 1230 2084 primam
1257 2044 1406 2070 rursus
1433 2030 1662 2085 septimus.

181 2099 341 2141 Primae
373 2114 544 2156 quoque
575 2115 729 2156 passus
762 2101 928 2155 primus
960 2106 1009 2141 ut
1043 2100 1279 2141 secundam
1312 2102 1481 2151 statuit,

181 2170 254 2213 Sic
286 2174 324 2213 &
356 2172 510 2212 tertius
543 2172 588 2212 in
622 2172 774 2227 quinta
807 2171 938 2213 finem
971 2187 1097 2213 suum
1129 2174 1354 2214 terminat.

180 2241 371 2294 Quintus
405 2242 510 2283 item
543 2242 619 2284 dat
651 2243 901 2297 secundam,
934 2250 1087 2285 sextus
1121 2245 1319 2300 quintam
1351 2251 1559 2297 renovat3

179 2314 353 2355 Primus
385 2328 555 2370 quoque
587 2314 641 2355 de
675 2316 901 2371 quaternis
934 2315 1131 2357 Gammae
1166 2315 1297 2357 dictis
1330 2315 1529 2371 passibus

181 2384 304 2427 Sicut
334 2386 512 2427 tertiam
545 2385 828 2442 demonstrat,
861 2388 925 2429 sic
957 2388 1174 2429 secundus
1207 2389 1452 2444 septimam.

181 2457 359 2498 Tertius
392 2456 589 2499 eamdem
622 2458 766 2513 signat
799 2458 1072 2514 triplicatam
1105 2460 1350 2515 septimam.

180 2528 377 2570 Tertiam
411 2544 581 2585 quoque
614 2530 885 2586 quadrando,
918 2538 966 2572 ut
999 2538 1170 2573 sextam
1203 2532 1428 2573 efficimus.

181 2600 255 2642 Sic
287 2614 390 2642 mox
423 2599 562 2642 altero
594 2602 639 2642 in
671 2616 803 2657 passu
835 2603 1013 2644 tertiam
1045 2603 1343 2656 rescribimus,

180 2670 322 2723 Quam
354 2671 612 2727 quadrando
644 2687 793 2714 rursus
826 2681 999 2716 sextam
1030 2674 1216 2716 alteram
1248 2675 1511 2730 perficimus.

182 2741 306 2797 Sunt,
341 2744 414 2799 qui
445 2744 615 2786 addunt
645 2745 691 2786 in
722 2746 864 2787 acutis
897 2746 1023 2788 iuxta
1055 2747 1243 2803 primam
1275 2746 1493 2788 litteram:

170 2898 222 2944 (1)
249 2898 296 2932 A.
323 2897 417 2940 facit
435 2899 527 2943 ejus.
