1996 3150
226 872 522 920 EPISTOLA
555 855 847 921 GUIDONIS
881 874 1181 922 MICHAELI
1212 843 1502 924 ΜΟΝΑΟΗΟ

833 963 861 996 0

516 1024 577 1058 DE
605 1023 784 1059 IGNOTO
813 1023 974 1059 CANTU
1001 1023 1210 1059 DIR-ECTA

139 1379 398 1420 Beatissimo
431 1384 560 1434 atque
594 1378 843 1420 dulcissimo
875 1380 1000 1421 Frati
1026 1379 1236 1421 Michaeli
1265 1380 1422 1433 Guido,
1456 1396 1533 1436 per
1566 1396 1641 1422 an-

80 1449 245 1491 fractus
277 1450 433 1491 multos
465 1450 657 1490 deiectus
685 1452 722 1490 &
749 1456 915 1491 auctus.
948 1450 1039 1492 Aut
1066 1451 1175 1492 dura
1203 1457 1303 1492 sunt
1328 1458 1538 1507 tempora,
1567 1459 1641 1493 aut

82 1521 240 1563 divinae
273 1521 569 1577 dispositionis
597 1520 781 1562 obscura
809 1521 1075 1575 discrimina,
1107 1522 1211 1563 dum
1239 1522 1276 1560 ὃς
1305 1524 1534 1564 veritatem
1561 1523 1641 1564 fal-

84 1592 209 1645 lacia,
238 1593 276 1631 ἃ
300 1592 560 1633 charitatem
587 1607 699 1648 saepe
727 1593 952 1634 conculcet
978 1593 1159 1647 invidia,
1189 1609 1282 1649 quae
1310 1596 1444 1635 nostri
1474 1595 1641 1637 ordinis

83 1665 161 1704 vix
193 1663 351 1704 deserit
383 1664 648 1717 societatem,
681 1678 764 1719 quo
797 1663 1127 1706 Philistinorum
1167 1666 1317 1706 concio
1351 1666 1641 1707 Israeliticam

81 1735 237 1790 puniat
269 1736 552 1790 pravitatem3
576 1749 629 1776 ne
656 1736 691 1776 si
718 1750 821 1776 mox
846 1735 922 1776 fiat
945 1736 1171 1791 quidquid,
1205 1747 1254 1778 ut
1286 1737 1500 1791 volumus,
1535 1738 1642 1779 adeo

81 1808 125 1847 in
157 1821 202 1847 se
234 1806 432 1847 confiden
465 1808 685 1862 periturus
719 1807 895 1848 decidat
926 1808 1112 1862 unimus.
1147 1809 1270 1849 Tunc
1305 1810 1419 1850 enim
1452 1815 1516 1850 est
1539 1824 1641 1851 vere

80 1877 242 1919 bonum
263 1878 325 1932 id,
349 1878 463 1934 quod
491 1878 690 1932 facimus,
709 1894 809 1920 cum
835 1886 981 1920 nostro
1001 1880 1177 1921 Factori
1197 1880 1485 1921 adscribimus
1501 1895 1640 1935 omne,

81 1949 195 2004 quod
227 1963 468 2005 possumus.

139 2020 248 2061 Inde
281 2027 357 2074 est,
396 2021 511 2076 quod
538 2036 607 2062 me
633 2021 757 2063 vides
790 2021 973 2078 prolixis
1012 2022 1172 2063 finibus
1205 2023 1445 2076 exulatum,
1481 2038 1530 2064 ac
1563 2014 1642 2065 t‘ei-

79 2106 220 2147 psum,
253 2107 306 2133 ne
337 2092 406 2133 vel
437 2093 652 2148 respirare
684 2093 860 2148 quidem
893 2095 1042 2149 possis,
1076 2094 1327 2135 invidorum
1352 2094 1520 2150 laqueis
1553 2095 1638 2136 suf-

79 2163 284 2205 focatum.
311 2162 408 2214 Qua
440 2164 482 2204 in
516 2179 563 2205 re
595 2163 839 2206 simillimos
881 2180 958 2206 nos
997 2165 1172 2207 cuidam
1220 2166 1314 2207 dico
1359 2167 1531 2221 artifici,
1566 2168 1639 2222 qui

80 2228 179 2276 cu‘m
211 2234 410 2290 Augusto
438 2235 599 2277 Caesari
627 2236 1016 2292 incomparabilem
1043 2240 1080 2277 ἃ
1106 2238 1276 2278 cunctis
1304 2237 1549 2279 inauditum
1576 2253 1639 2279 se-

79 2306 186 2347 culis
205 2306 472 2360 thesaurum,
495 2306 688 2348 flexibile
714 2307 921 2349 videlicet
943 2309 1122 2361 vitrum,
1147 2309 1333 2364 offerret,
1351 2310 1452 2364 quia
1473 2309 1639 2365 aliquid

77 2391 209 2432 super
235 2392 385 2419 omnes
410 2377 607 2418 homines
633 2379 791 2435 potuit,
818 2378 1001 2434 ideoque
1027 2379 1192 2435 aliquid
1218 2395 1347 2436 super
1370 2395 1518 2422 omnes
1545 2396 1638 2436 pro-

79 2449 236 2490 mereri
268 2464 313 2490 se
345 2449 548 2502 credidit,
581 2451 771 2506 pessima
803 2457 916 2492 sorte
947 2452 1090 2493 iussus
1121 2459 1187 2493 est
1219 2451 1383 2505 occidi3
1416 2467 1470 2493 ne
1503 2453 1553 2507 si,
1592 2460 1640 2494 ut

80 2527 145 2561 est
176 2520 376 2562 mirabile
410 2522 587 2572 vitrum,
621 2528 764 2576 posset
803 2537 895 2564 esse
937 2522 1149 2576 durabile,
1183 2524 1328 2579 regius
1371 2524 1510 2565 omnis
1550 2523 1639 2564 the-

79 2606 245 2646 saurus,
279 2593 354 2647 qui
386 2592 440 2634 de
473 2592 658 2633 diversis
691 2600 785 2634 erat
827 2593 1029 2648 metallis,
1065 2594 1189 2636 fieret
1230 2596 1446 2650 extemplo
1469 2591 1640 2636 *vitabi-

79 2661 130 2703 lis
158 2663 237 2716 (1).
258 2662 415 2719 Sicque
440 2678 496 2704 ex
523 2663 596 2711 illo
624 2670 818 2720 tempore
851 2665 1089 2716 maledicta
1121 2681 1290 2722 semper
1323 2666 1504 2719 invidia,
1527 2667 1638 2708 sicut

79 2733 297 2788 quondam
328 2734 596 2790 paradisum,
631 2740 669 2778 &
700 2735 780 2777 hoc
813 2751 983 2792 quoque
1015 2737 1273 2779 mortalibus
1305 2736 1488 2778 abstulit
1519 2751 1635 2778 com-

126 2921 178 2968 (1)
205 2921 234 2964 f.
258 2920 451 2971 vitiabilis.
475 2923 582 2958 Adm.
609 2923 813 2960 mutabilis.
