2012 3182
293 142 358 177 188
873 134 1023 170 GUIDO
1049 132 1265 168 ARETINO

243 279 246 282 ,
293 232 515 294 «famuli
547 235 735 278 tuorum
769 254 827 261 —
859 227 992 274 Solve
1020 225 1195 288 polluti
1235 224 1352 272 labii
1382 229 1566 279 reatum
1597 253 1655 259 -
1687 225 1855 273 Sancte

295 328 315 354 «
340 310 539 355 Ioannes
559 309 638 367 (1).
657 323 679 351 »
709 294 747 354 Ε
774 305 964 363 dunque,
1001 302 1040 350 si
1065 302 1108 349 fa
1129 303 1244 350 tosto
1269 317 1295 349 a
1319 303 1579 355 concludere
1605 301 1855 351 vittoriosa-

289 386 433 433 mente
468 383 606 443 Fetis,
634 397 694 430 un
736 382 826 429 solo
858 380 1065 439 ese1npi0‚
1088 380 1243 438 questo
1269 379 1349 426 che
1382 379 1528 428 Guido
1559 380 1662 427 vuol
1694 379 1798 427 dne
1831 393 1857 425 a

346 547 405 599 (1)
426 548 466 586 Si
495 560 609 596 quam
628 559 720 597 ergo
741 558 886 590 vocem,
903 544 962 583 vel
984 555 1178 590 neumam,
1194 542 1252 581 vis
1271 543 1328 581 ita
1347 542 1554 581 memoriae
1575 541 1858 587 commendare,

291 618 338 652 ut
351 614 582 662 ubicumque
602 612 709 657 velis,
731 611 769 665 in
787 608 1031 659 quocumque
1047 611 1167 646 cantu
1183 621 1296 658 quem
1312 608 1409 646 scias
1426 608 1486 645 vel
1502 607 1660 654 nescias,
1681 606 1754 662 tibi
1771 618 1858 644 mox

292 679 413 729 possit
440 689 648 723 occurrere,
678 678 870 724 quatenus
899 687 989 712 mox
1018 674 1129 711 illum
1167 673 1439 712 indubitanter
1477 672 1600 722 possis
1642 671 1858 718 enuntiare,

292 744 405 782 debes
426 743 548 791 ipsam
568 753 698 779 vocem
728 740 787 777 vel
818 752 1000 778 neumam
1022 739 1062 777 in
1090 740 1217 789 capite
1238 739 1406 789 alicujus
1426 738 1653 776 notissimae
1672 736 1861 787 sympho-

292 810 378 846 niae
397 810 543 850 notare,
566 807 595 844 ὣ
615 819 683 854 pro
704 818 936 854 unaquaque
956 817 1050 843 voce
1070 804 1281 843 memoriae
1300 803 1515 851 retinenda,
1536 802 1737 853 hujsmodi
1755 813 1862 851 sym-

292 873 472 922 phoniam
502 873 541 909 in
570 873 728 921 promtu
757 871 909 917 babere,
940 883 1042 919 quae
1070 870 1118 908 ab
1149 870 1282 908 eadem
1312 881 1406 908 voce
1435 869 1623 919 incipiat:
1654 869 1791 918 utpote
1811 867 1863 905 sit

292 940 382 976 haec
402 937 647 986 symphonia,
670 949 746 985 qua
775 948 844 985 ego
875 935 1054 974 docendis
1085 936 1214 985 pueris
1243 936 1281 973 in
1303 935 1439 985 primis
1467 937 1586 984 atque
1607 935 1724 973 etiam
1747 935 1788 972 in
1802 934 1864 972 ul-

293 1003 398 1041 timis
428 1004 540 1049 utor:
572 1001 625 1039 Ut
655 1004 808 1050 queant.
841 1003 911 1039 etc.

348 1144 401 1182 La
427 1143 589 1181 melodia
621 1143 708 1180 doll'
723 1144 814 1181 inno
837 1143 876 1181 di
900 1143 937 1181 S.
969 1143 1174 1191 Giovanni,
1204 1128 1404 1193 compost-0
1425 1144 1527 1181 sulla
1556 1143 1631 1181 fine
1661 1142 1722 1180 del
1744 1142 1866 1180 secolo

297 1211 430 1248 ottavo
453 1209 500 1246 da
521 1209 648 1246 Pietro
670 1209 923 1259 longobardo,
955 1209 1117 1247 diacono
1147 1209 1373 1258 d'Aquilea‚
1392 1209 1484 1248 data
1511 1210 1560 1247 da
1583 1208 1710 1247 Guido
1732 1209 1866 1246 nostro

241 1268 247 1273 ’
300 1287 406 1312 come
443 1274 607 1322 esempio
644 1274 884 1312 mnemonico
914 1274 1016 1312 della
1043 1274 1229 1321 dema,
1256 1286 1277 1312 o
1297 1275 1538 1323 Essacord0‚
1561 1276 1580 1311 e
1608 1274 1712 1311 stato
1743 1284 1867 1311 osser-

296 1341 385 1377 vato
426 1351 526 1376 esser
553 1339 682 1388 quella
710 1339 921 1377 medesima
951 1338 1121 1379 dell'ode
1150 1340 1189 1378 di
1227 1339 1363 1378 Orazio
1394 1352 1416 1377 a
1451 1340 1599 1377 Fillz'de
1628 1338 1763 1389 (ll.lua
1801 1337 1863 1375 del

300 1404 352 1441 IV
371 1402 500 1454 libro),
530 1407 664 1443 notata
692 1417 763 1443 con
793 1416 942 1444 ozenme
972 1418 994 1442 a
1024 1405 1138 1454 punti
1167 1405 1431 1455 soprapposti.

348 1469 389 1507 L‘
404 1470 473 1508 ode
493 1470 532 1507 in
554 1470 720 1508 discorso
741 1473 760 1508 e
780 1483 833 1507 un
855 1471 980 1508 metro
997 1469 1128 1508 saffico
1145 1468 1285 1520 (Verso
1307 1471 1564 1519 pentametro,
1588 1465 1869 1521 aeat-alettico),

299 1537 492 1584 composto
522 1535 559 1572 di
580 1537 638 1573 tre
668 1535 788 1573 ¹suffici
818 1535 1077 1582 endecasillbi,
1108 1548 1127 1572 e
1158 1535 1218 1573 del
1248 1537 1392 1584 quarto
1422 1535 1579 1574 adonio:
1610 1548 1656 1573 ne
1691 1534 1820 1572 dianio
1860 1534 1870 1571 i

300 1601 413 1648 primi
442 1601 560 1638 versi:

619 1697 687 1735 Est
716 1697 811 1734 mihi
840 1709 985 1734 nonum
1017 1698 1237 1747 superantis
1266 1711 1415 1736 annum

672 1764 811 1801 Plenus
840 1764 985 1802 Albani
1027 1764 1163 1811 cadus;
1196 1766 1254 1802 est
1282 1764 1320 1802 in
1353 1765 1478 1809 horte,

671 1836 813 1883 Plzillz',
846 1836 1045 1874 nectendis
1075 1837 1210 1886 apium
1240 1837 1391 1875 coronis

1158 1902 1229 1940 Est
1258 1902 1419 1940 hederae
1450 1902 1509 1940 vis

627 1966 763 2013 Multa,
794 1981 870 2016 qua
901 1969 1026 2006 crines
1056 1967 1221 2017 religata
1251 1967 1401 2017 fulges;
1432 1969 1504 2005 etc.

360 2067 646 2114 Coussemaker,
668 2067 734 2105 che
764 2069 801 2105 la
830 2068 1036 2117 riproduce
1067 2069 1107 2106 in
1136 2081 1190 2105 un
1220 2080 1287 2106 suo
1319 2067 1569 2112 documento,
1591 2066 1783 2105 domanda
1811 2078 1878 2116 per

309 2131 422 2180 quale
452 2131 550 2169 delle
571 2132 643 2170 due
664 2133 791 2181 poesie
820 2133 979 2172 debbasi
1000 2133 1152 2172 credere
1172 2134 1372 2182 composta
1391 2133 1429 2170 la
1449 2131 1578 2182 prima
1606 2132 1715 2170 volta
1740 2133 1878 2180 questa

309 2197 486 2235 melodia.
517 2197 553 2234 A
581 2198 644 2235 noi
673 2199 824 2236 sembra
854 2200 965 2238 facile
993 2201 1032 2238 la.
1061 2200 1241 2250 risposta,
1273 2199 1429 2248 quando
1458 2198 1488 2235 si
1519 2198 1630 2247 pensi
1663 2197 1731 2235 che
1769 2197 1793 2235 1‘
1806 2197 1878 2235 ode

308 2261 484 2310 predetta
516 2263 670 2301 dovette
702 2276 825 2302 essere
854 2266 989 2304 scritta
1017 2266 1076 2304 fra
1104 2266 1161 2316 gli
1190 2265 1280 2304 anni
1314 2266 1387 2304 737
1418 2277 1437 2302 0
1471 2264 1546 2303 746
1575 2264 1614 2301 di
1643 2265 1766 2302 Roma
1800 2260 1881 2312 (uel

312 2327 427 2374 quale
457 2327 595 2364 ultimo
630 2332 730 2367 mori
758 2330 785 2367 il
815 2333 927 2378 poeta
958 2331 998 2368 di
1026 2328 1209 2381 Venosa)‚
1231 2331 1312 2369 cioe
1341 2333 1404 2369 tra
1433 2330 1444 2368 i
1477 2332 1523 2368 17
1555 2343 1575 2368 e
1604 2330 1658 2380 gli
1695 2330 1718 2366 8
1747 2328 1880 2367 avanti

313 2391 357 2429 G.
388 2391 449 2437 C.;
480 2395 629 2430 mentre
657 2391 681 2430 1’
694 2394 789 2432 Inno
820 2396 857 2433 al
882 2396 1056 2434 Battista
1085 2408 1291 2446 comparve
1319 2397 1414 2442 solo,
1449 2407 1556 2434 come
1595 2395 1661 2444 gia
1698 2393 1881 2431 abbiamo

314 2457 433 2502 detto,
467 2458 577 2506 quasi
605 2460 800 2497 ottocento
830 2462 919 2498 anni
940 2463 1052 2511 dopo,
1078 2463 1234 2511 quando
1254 2463 1267 2500 i
1286 2462 1452 2500 Romani
1471 2473 1550 2498 non
1570 2470 1792 2509 pensavano
1815 2459 1883 2506 piu

313 2522 458 2560 dicerto
492 2536 514 2559 a
543 2524 730 2561 musical-e
759 2537 778 2562 e
807 2538 828 2562 a
857 2528 1009 2565 cantare
1042 2528 1056 2564 i
1084 2528 1185 2566 versi
1217 2527 1412 2566 d'Orazio.
1443 2525 1589 2572 Quindi
1621 2524 1741 2562 riesce
1766 2525 1883 2562 natu-

315 2588 505 2625 ralissimo
536 2588 564 2625 il
592 2589 744 2627 eredere
775 2590 843 2626 che
873 2591 929 2628 oio
959 2593 1157 2631 avvenisse
1198 2593 1331 2631 subito
1376 2593 1478 2642 dopo
1519 2593 1557 2629 la
1599 2601 1802 2639 comparsa
1843 2589 1883 2627 di

317 2653 451 2702 quelli3
487 2667 506 2691 e
535 2655 602 2692 che
631 2655 668 2692 la
696 2656 862 2693 melodia
889 2657 946 2694 sia
974 2660 1077 2696 stata
1105 2659 1170 2708 poi
1198 2660 1395 2709 applicata
1423 2657 1486 2696 all'
1508 2660 1554 2694 Ut
1581 2660 1738 2706 queant
1770 2654 1882 2693 lamis

317 2728 510 2756 resonare
539 2720 664 2768 fibris,
696 2720 753 2758 del
785 2723 899 2769 poeta
927 2733 1048 2760 sacro.
1079 2723 1307 2763 Eccettoche
1335 2737 1415 2762 non
1443 2722 1476 2762 Si
1505 2722 1638 2772 voglia
1666 2732 1828 2771 pensare
1847 2733 1884 2766 ‚a

318 2794 397 2819 una
426 2783 584 2831 parodia
612 2784 701 2822 dell'
720 2785 810 2823 inno
839 2797 960 2832 sacro,
990 2787 1094 2825 satta
1123 2789 1224 2838 dopo
1253 2791 1336 2828 otto
1367 2788 1495 2827 secoli.
