2012 3182
323 131 389 165 474
911 129 1060 165 GUIDO
1086 129 1297 164 ARE'rlNO

325 229 422 274 Quia
451 229 572 266 duum
603 239 752 277 semper
781 227 961 277 pthongis·

323 294 520 332 Resonant
547 292 729 331 suaviter.

321 359 442 408 quue
472 371 609 396 nomen
637 359 814 408 generale

321 423 478 462 Cunctis
507 422 780 469 consonantiis,

321 490 530 538 Diapason‚
559 488 739 537 diapente

321 555 491 594 Nomina
518 556 610 592 Sunt
637 554 793 604 propria

321 620 576 667 Quantitatis;
607 620 673 658 hec
704 622 742 659 et
771 620 834 658 dia

320 686 507 724 Tessaron
536 686 722 725 vocabula

321 750 487 801 Captant
518 763 666 798 nomen,
697 750 787 788 dum
818 765 839 789 a
870 764 1006 789 vocum

321 816 403 854 Sibi
434 816 593 855 fixarum
624 830 646 855 a
674 829 845 854 numero.

321 882 593 932 Unusquisque
622 883 773 920 constat
803 884 928 921 motus
987 887 997 898 ‘

320 948 550 994 Quantitate
579 948 756 998 simplici,

319 1014 514 1060 Qualitate
543 1015 724 1063 quamvis
754 1026 846 1053 sono

319 1080 493 1118 Hereant
524 1080 733 1130 multiplici

319 1147 407 1184 Non
438 1158 569 1184 omnes
599 1146 806 1196 qualitates

317 1211 368 1250 Et
391 1213 475 1262 jam
504 1224 601 1261 quas
631 1212 788 1261 species.

316 1277 511 1326 Diapason
542 1291 706 1326 namque
735 1279 882 1316 constat

317 1342 472 1393 Ogdoas
500 1356 568 1392 per
597 1344 774 1389 voculas3

317 1409 397 1447 Hec
427 1422 448 1446 a
478 1408 624 1447 cunctis
654 1422 791 1446 nomen
822 1410 999 1459 sumpsit,

317 1476 416 1521 Qui-i
445 1474 546 1513 inest
575 1475 764 1513 omnibus.

317 1543 386 1580 Est
414 1554 488 1591 que
519 1541 639 1589 dupla
668 1541 745 1579 suis
775 1542 866 1580 locis

317 1608 497 1646 Vicissim
529 1621 606 1645 unzi
635 1607 767 1645 altere.

316 1676 505 1725 Diapente
536 1686 671 1712 vocum
704 1674 880 1724 quinque

315 1741 445 1779 Habet
474 1741 544 1778 hoc
576 1740 822 1778 vocabulum.

317 1806 390 1844 Hic
418 1806 649 1855 sexquialter
678 1818 839 1844 manens

315 1872 445 1910 Vincit
473 1874 564 1910 tono
595 1871 846 1910 diatessaron.

316 1937 408 1976 Inde
436 1939 543 1976 sexte
572 1949 639 1975 nec
669 1937 831 1976 secunde

316 2004 474 2054 Semper
502 2003 639 2041 herent
669 2003 813 2041 vocule.

315 2070 460 2109 Cantus
489 2070 558 2113 est,
589 2069 755 2118 prudens
785 2072 929 2116 cantor,

317 2136 397 2174 Hos
427 2135 594 2185 perfecte
624 2146 789 2173 noscere.

316 2200 463 2246 Quibus
492 2200 585 2238 locis
614 2212 692 2239 esse
723 2202 868 2250 possint

315 2266 408 2305 Cum
440 2266 605 2305 discreta
634 2266 741 2305 facie.

314 2332 413 2378 Quia
442 2332 543 2371 idem
573 2344 658 2370 cuin
689 2333 766 2370 sint
795 2346 944 2384 semper

313 2397 482 2436 Tantum
513 2399 696 2436 resonant
727 2399 847 2437 unice.

317 2462 470 2512 Septem
502 2463 602 2501 enim
632 2463 819 2513 diapason

315 2528 425 2568 Certe
455 2529 590 2567 insunt
618 2530 774 2579 species.

311 2594 501 2644 Diapente
527 2594 618 2633 bine
647 2594 762 2645 duple

312 2658 637 2710 Diatessaronque
668 2661 792 2700 tertie.

313 2725 451 2774 Sicque
480 2727 609 2766 minus
638 2740 754 2778 quum
787 2729 863 2768 sint
893 2742 1002 2768 voces

313 2791 436 2830 Unam
468 2794 601 2831 tenent
628 2795 804 2843 speciem.

1134 227 1264 265 Tonus
1296 240 1385 265 vero
1414 239 1505 267 sono
1536 229 1647 278 pleno

1138 291 1315 342 Sumpsit
1344 293 1415 331 hoc
1444 293 1676 332 vocabulum

1137 358 1218 395 Nec
1247 359 1504 408 augmentum
1533 371 1601 397 nec
1631 359 1822 398 defectum

1138 423 1290 473 Recipit
1318 425 1397 462 ullo
1428 413 1554 462 modo.

1136 488 1258 538 Cujus
1289 502 1427 527 nomeu
1455 491 1585 529 cuncti
1614 491 1719 540 tropi

1132 555 1306 604 Rupuere
1333 555 1502 594 sibimet.

1187 619 1281 658 Octo
1313 621 1436 658 modis
1465 621 1611 671 quique
1640 634 1710 660 sua

1185 686 1355 724 Pulchra
1384 686 1534 736 fingunt
1566 687 1727 725 cantica.

1134 752 1238 789 Dum
1269 752 1446 802 grav-ales
1478 753 1516 790 et
1545 753 1676 790 acutas

1135 817 1388 866 sequestrant
1418 818 1654 867 particulas3

1131 883 1211 928 Quo
1243 891 1451 921 noscuntur
1481 883 1675 934 gravitate

1135 949 1294 988 Necnon
1324 951 1362 987 et
1391 949 1579 988 acumine.

1188 1015 1342 1052 Primus·
1373 1016 1486 1053 tonus
1516 1028 1641 1053 unum
1671 1027 1811 1054 nomeu

1137 1081 1290 1131 Geperit
1318 1080 1350 1118 si
1379 1081 1570 1130 queritur.

1137 1147 1265 1185 Prime
1295 1147 1396 1185 vocis
1425 1147 1497 1186 hoc
1527 1160 1571 1185 ex
1601 1148 1706 1186 voto.

1134 1213 1320 1252 Meruisse
1351 1213 1511 1261 sapitur.

1131 1278 1255 1324 Quam
1286 1279 1317 1316 si
1347 1292 1489 1328 queras
1520 1279 1593 1318 isto
1624 1292 1728 1318 more

1130 1345 1217 1384 Tibi
1247 1345 1412 1395 pandam
1444 1345 1589 1383 ordine.

1134 1410 1224 1449 Tres
1254 1422 1440 1461 cognosce
1469 1411 1622 1448 tantum
1655 1423 1766 1449 voces

1132 1476 1233 1515 Ortu
1262 1476 1343 1515 fore
1374 1476 1543 1526 proprio.

1130 1543 1211 1580 Due
1241 1543 1333 1580 tono
1364 1542 1649 1593 disjunguntur

1134 1609 1250 1647 Pleno
1281 1622 1303 1646 a
1332 1620 1370 1646 se
1401 1608 1577 1646 invicem.

1134 1674 1349 1713 Semitonio
1379 1687 1454 1712 non
1484 1675 1596 1724 pleno

1133 1740 1261 1778 Tertia
1294 1740 1546 1790 disjungitur.

1136 1807 1184 1844 Hi
1216 1807 1372 1845 discreti
1401 1806 1475 1844 duo
1506 1808 1636 1844 motus

1133 1873 1283 1911 Tonum
1314 1874 1468 1910 cantum
1500 1874 1743 1918 construunt,

1129 1939 1209 1976 Nec
1240 1938 1405 1976 minores
1435 1939 1511 1976 ulle
1542 1940 1671 1988 partes

1136 2004 1225 2043 Esse
1255 2006 1407 2054 queunt
1435 2004 1610 2051 vocibus;

1133 2071 1372 2109 Statuuntur
1402 2069 1624 2108 firmitatem

1132 2137 1291 2185 Propter
1321 2149 1440 2174 uuam
1471 2136 1508 2172 in
1537 2135 1651 2172 simul

1132 2203 1215 2241 Una
1247 2202 1344 2240 enim
1377 2203 1409 2241 si
1439 2202 1596 2248 deesset,

1137 2270 1270 2307 Altera
1299 2268 1573 2307 succumberet.

1132 2336 1268 2384 Neque
1299 2334 1398 2372 melo
1429 2334 1606 2384 quisquiS
1635 2336 1774 2384 posset.

1132 2401 1263 2439 Alium
1296 2401 1497 2438 instruere.

1129 2466 1359 2504 Falciuntur
1387 2466 1439 2504 sic
1470 2465 1636 2504 vicissim

1131 2532 1216 2571 Uno
1245 2533 1365 2570 semet
1394 2543 1566 2581 corpore.

1176 2598 1289 2636 Nunc
1318 2609 1483 2647 cognoce
1510 2596 1681 2647 primum
1710 2599 1861 2644 tonum,

1130 2664 1255 2709 Quare
1285 2664 1434 2714 primus
1463 2663 1608 2702 sedeat.

1125 2730 1293 2768 Primam
1326 2741 1453 2768 vocem
1485 2729 1577 2778 quia
1606 2730 1725 2775 tenet,

1126 2795 1230 2833 Tono
1263 2795 1319 2833 vel
1352 2795 1597 2844 adjungitur,
