2012 3182
288 157 358 192 410
874 157 1024 193 GUIDO
1052 157 1265 194 ARETINO

290 252 478 294 modum.
511 253 623 293 Nam
656 252 758 308 quia
791 252 960 294 invidia
993 253 1174 295 artificis
1199 253 1367 295 nullum
1391 253 1530 300 voluit
1555 255 1747 309 edocere,
1771 269 1843 311 po-

290 324 374 363 tuit
406 323 519 378 regis
552 323 718 364 invidia
751 323 964 365 artificem
996 339 1098 366 cum
1129 330 1222 366 arte
1254 326 1483 380 perimere.

348 392 476 434 Unde
499 388 585 448 ⁴ego
633 394 874 450 inspirante
906 394 999 436 Deo
1047 394 1319 449 charitatem,
1353 410 1439 436 non
1467 395 1613 437 solum
1644 396 1737 450 tibi,
1772 396 1847 438 sed

225 487 228 490 -
289 464 324 504 ἅτ
351 463 462 517 61113,
490 464 832 520 quibuscumque
859 466 992 520 potui,
1019 481 1188 507 summa
1220 481 1319 507 cum
1352 466 1631 508 festinatione
1671 483 1721 508 ac
1768 469 1847 509 301-

289 534 514 576 licitudine
541 551 567 576 a
593 536 686 577 Deo
713 536 822 578 mihi
850 537 1154 592 indignissimo
1188 537 1336 580 datam
1369 538 1532 579 contuli
1565 541 1771 594 gratiam:
1798 546 1859 591 ut,

289 621 394 662 quos
428 621 505 662 ego
537 607 575 645 ἃ
606 622 753 649 01111163
787 615 887 649 61116
920 624 988 650 1116
1020 625 1190 650 3111111116
1223 625 1322 651 611111
1357 610 1612 652 difficultate
1645 610 1846 652 eeclesia-

291 678 420 718 sticos
453 684 605 719 cantus
639 679 886 733 didicimus,
920 680 1034 736 ipsos
1072 682 1235 736 posteri
1278 696 1377 722 611111
1421 696 1592 723 3111111116
1639 681 1846 723 facilitate

291 747 518 802 discentes,
553 749 660 791 mihi
694 754 731 791 ἃ
763 750 843 791 tibi
875 766 925 792 ac
959 751 1139 807 reliquis
1187 752 1460 794 adiutoribus
1493 754 1602 794 meis
1640 759 1847 794 aeternam

290 825 439 875 optent
486 819 683 875 salutem,
718 821 878 877 fiatque
921 838 998 878 per
1045 823 1391 865 misericordiam
1439 825 1524 865 Dei
1570 830 1847 880 peccatorum

289 896 535 932 nostrorum
568 893 778 946 remissio,
811 893 882 934 vel
914 884 1100 935 modica*
1117 900 1338 935 tantorum
1366 910 1421 936 ex
1449 895 1663 936 charitate
1695 895 1849 937 oratio.

289 962 400 1003 Nam
434 964 468 1003 si
502 964 564 1004 illi
599 954 674 1019 pro
709 966 797 1005 suis
831 965 946 1020 apud
973 966 1118 1006 Deum
1150 965 1430 1007 devotissime
1457 967 1736 1008 intercedunt
1759 981 1847 1008 ma-

289 1035 452 1089 gistris,
479 1036 552 1091 qui
577 1036 787 1078 hactenus
810 1036 864 1077 ab
888 1038 948 1078 613
971 1038 1047 1078 vix
1070 1037 1279 1079 decennio
1307 1037 1517 1079 cantandi
1550 1037 1849 1093 imperfectam

291 1107 503 1147 scentiam
535 1109 739 1164 consequi
772 1116 1021 1164 potuerunt,
1049 1110 1155 1165 quid
1182 1116 1309 1165 putas
1342 1125 1419 1165 pro
1451 1109 1576 1150 nobis
1609 1109 1851 1164 nostrisque

290 1177 562 1219 adiutoribus
589 1178 677 1232 fiet,
705 1181 777 1235 qui
805 1181 949 1221 61111611
979 1182 1134 1236 spatio,
1161 1188 1236 1222 aut
1262 1183 1297 1222 si
1324 1181 1524 1234 multum,
1553 1180 1729 1222 biennio
1756 1195 1852 1235 per·
1912 1226 1918 1231 ,

292 1248 453 1290 fectum
481 1256 703 1290 cantorem
731 1251 941 1292 efficimus
960 1251 980 1292 ἶ)
1009 1252 1099 1292 Α111
1125 1254 1159 1293 31
1187 1252 1411 1293 11011111111111
1444 1257 1650 1293 consueta
1676 1251 1851 1293 miseria

290 1320 512 1361 beneficiis
546 1322 681 1362 tantis
714 1323 888 1377 ingrata
922 1324 1130 1376 extiterit,
1164 1324 1378 1379 numquid
1411 1323 1549 1364 iustus
1583 1323 1703 1364 Deus
1736 1321 1850 1363 labo-

291 1408 382 1434 rem
415 1399 609 1434 nostrum
644 1408 729 1435 non
762 1395 1090 1436 remunerabit?
1125 1396 1195 1437 An
1229 1397 1332 1451 quia
1363 1396 1483 1437 Deus
1517 1386 1654 1436 totum
1680 1393 1762 1435 hoc
1789 1394 1851 1435 fa-

292 1465 363 1518 cit,
404 1466 441 1502 δ(
473 1479 549 1505 1103
581 1466 674 1506 sine
707 1465 780 1506 illo
812 1465 923 1507 nihil
956 1481 1197 1522 possumus,
1232 1466 1343 1507 nihil
1365 1464 1676 1507 habebimus?
1710 1464 1853 1506 Absit.

291 1537 402 1577 Nam
431 1536 467 1573 ἃ
483 1536 713 1591 apostolus,
732 1552 829 1578 cum
854 1539 996 1591 gratia
1019 1538 1104 1579 Dei
1131 1538 1186 1579 sit
1211 1537 1271 1588 id,
1295 1537 1410 1593 quod
1432 1539 1500 1591 sit,
1523 1542 1672 1577 cantat
1688 1542 1849 1577 tamen:

290 1608 459 1649 Bonum
490 1614 697 1648 certamen
729 1609 901 1659 certavi,
935 1624 1107 1650 cursum
1156 1609 1459 1658 consummavi,
1491 1608 1621 1662 fldem
1660 1607 1828 1648 servavi
1840 1623 1854 1660 ,-

290 1680 334 1720 w'n
365 1679 529 1735 reliquo
560 1680 744 1734 reposita
775 1686 835 1720 est
867 1680 971 1720 mila·
1001 1695 1155 1722 corona
1186 1681 1377 1721 iustitz'oe.

351 1751 503 1793 Securi
536 1765 638 1806 ergo
672 1751 724 1792 de
757 1766 832 1807 spe
858 1751 1160 1794 retributionis
1188 1751 1586 1808 insistamus-operi
1613 1755 1746 1792 tantae
1772 1750 1855 1791 uti-

292 1822 452 1880 litatis3
485 1827 523 1865 &
554 1825 785 1879 quiapost
817 1825 976 1866 multas
1023 1831 1305 1881 tempestates
1338 1825 1471 1867 rediit
1503 1825 1580 1866 diu
1612 1830 1760 1888 optata
1791 1839 1855 1865 36-

291 1896 470 1949 renitas,
504 1895 806 1949 navigandum
840 1903 904 1938 est
935 1895 1134 1938 feliciter.

352 1965 438 2008 Sed
470 1967 571 2022 quia
616 1966 775 2007 diffidit
808 1973 883 2008 tua
915 1967 969 2008 de
1001 1967 1204 2009 libertate
1249 1968 1506 2024 captivitas,
1551 1968 1614 2009 rei
1659 1966 1854 2009 ordinem

292 2038 497 2095 pandam.
530 2038 718 2080 Summae
752 2037 866 2079 sedis
899 2039 1146 2094 apostolicae
1178 2038 1409 2092 Iohannes,
1443 2040 1518 2094 qui
1544 2038 1672 2080 modo
1698 2038 1858 2080 Roma-

294 2125 395 2151 nam
418 2109 635 2165 gubernat
653 2109 898 2165 ecclesiam,
919 2109 1101 2151 audiens
1128 2109 1292 2151 famam
1319 2116 1476 2151 nostrae
1500 2109 1668 2162 scholae,
1695 2109 1730 2149 ἃ
1756 2123 1856 2164 quo-

294 2180 422 2222 modo
468 2195 545 2236 per
593 2188 740 2222 nostra
784 2180 1093 2237 antiphonaria
1133 2180 1355 2222 inauditos
1388 2181 1512 2236 pueri
1546 2185 1856 2235 cognoscerent

294 2259 461 2307 cantus,
495 2252 621 2294 valde
653 2254 851 2307 miratus,
882 2252 1024 2294 tribus
1054 2253 1221 2294 nuntiis
1247 2268 1316 2295 me
1344 2253 1400 2294 ad
1427 2268 1471 2294 se
1497 2253 1722 2294 invitavit.
1750 2250 1857 2293 Adii

295 2325 429 2380 igitur
461 2324 644 2366 Romam
671 2339 770 2367 cum
798 2325 970 2366 Domno
993 2324 1264 2379 Grunvaldo,
1297 2325 1649 2366 reverentissimo
1683 2322 1857 2365 Abbate

292 2400 330 2438 &
349 2396 521 2438 -Domno
548 2397 677 2438 Petro
697 2395 890 2438 Aretinae
913 2396 1107 2438 ecelesiae
1135 2396 1456 2439 Canonieorum
1478 2396 1728 2452 Praeposito,
1757 2395 1856 2436 viro

294 2483 371 2524 pro
398 2469 534 2509 nostri
558 2468 762 2524 temporis
789 2467 1002 2524 qualitate
1035 2468 1336 2510 scientissimo.
1360 2467 1550 2509 Multum
1577 2468 1724 2522 itaque
1746 2466 1858 2507 Pon-

295 2540 406 2581 tifex
433 2554 529 2581 meo
561 2538 807 2595 gratulatus
838 2544 902 2581 est
939 2539 1146 2594 adventu,
1180 2541 1318 2582 multa
1350 2539 1597 2595 colloquens
1622 2539 1660 2577 &
1686 2537 1859 2580 diversa

295 2613 579 2668 perquirens:
611 2617 896 2667 nostrumque
939 2611 1060 2655 velut
1093 2611 1312 2668 quoddam
1359 2610 1609 2667 prodigium
1649 2625 1761 2666 saepe
1793 2624 1860 2650 re-

296 2682 476 2725 volvens
493 2682 850 2739 antiphonarium
876 2682 1166 2739 praefixasque
1183 2684 1410 2725 ruminans
1430 2681 1616 2737 regulas,
1636 2696 1720 2723 non
1738 2680 1860 2737 prius

297 2754 476 2808 destitit,
496 2760 572 2796 aut
589 2753 763 2808 deloco,
791 2755 837 2795 in
859 2769 942 2810 quo
965 2754 1157 2809 sedebat,
1185 2753 1408 2808 abscessit,
1435 2752 1572 2795 donec
1597 2767 1735 2794 unum
1761 2766 1859 2793 ver-

297 2827 482 2869 siculum
514 2826 762 2869 inauditum
795 2827 862 2868 sui
896 2827 985 2869 voti
1008 2841 1182 2883 compos
1203 2827 1429 2881 edisceret,
1456 2831 1506 2868 ut
1527 2825 1642 2882 quod
1665 2826 1746 2875 vix
1767 2839 1862 2867 cre-
