1996 3150
706 159 854 194 GUIDO
869 158 1094 194 'ARETINO
1612 155 1680 190 473

112 258 301 296 Tredenos
331 270 431 295 nunc
459 259 679 303 semstonos,

109 324 225 362 Nunc
254 323 448 361 duodenos
477 324 640 372 capiens,

111 390 231 426 Error
260 389 352 426 item
381 388 419 425 in
449 388 608 426 vocibus

114 454 177 492 Fit
206 453 420 492 isto-modo
451 453 653 491 maximus.

112 518 208 556 Cum
237 531 313 557 vox
341 518 472 556 eadem
501 518 619 556 fuerit

111 584 281 622 Diversis
310 585 491 633 prompta
519 583 696 621 modulis.

113 648 188 687 Hic
216 662 321 687 error
350 661 448 686 unus
479 649 614 695 oritur,

112 713 164 752 Te
191 715 288 753 bene
317 726 424 753 nosse
453 715 578 763 cupio,

114 779 194 824 Quo
224 780 422 829 imperitos
451 780 579 817 valeas

113 845 296 883 Potenter
322 847 567 896 redarguere.

113 910 209 948 Cum
240 911 364 960 primo
395 914 491 950 esset
520 912 666 949 musica

112 976 282 1027 Simplex
310 980 349 1015 et
376 990 454 1015 non
482 977 705 1027 multigena,

113 1043 306 1092 Diapason
334 1046 430 1081 tunc
460 1043 650 1088 obtinens.

115 1107 303 1156 Diapente
330 1111 370 1147 et
398 1109 653 1154 diatessarum

112 1174 251 1213 Nervis
280 1175 397 1213 fiebat
425 1176 607 1224 quatuor.

113 1242 195 1279 Nec
222 1241 389 1279 habebat
418 1240 588 1289 amplius

112 1307 332 1356 Troporum
359 1306 501 1355 quibus
529 1306 686 1343 nomina

112 1372 315 1410 Putarunt
343 1371 503 1421 quidam
533 1370 744 1409 commoda.

113 1437 264 1476 Bisbini
293 1437 555 1476 caracteribus

114 1502 326 1553 Signarunt
354 1503 443 1540 inde
472 1503 628 1541 voculas

114 1568 306 1607 Fallentes
335 1568 494 1617 quintas
523 1568 672 1606 easdem

115 1635 350 1684 Quocunque
380 1647 457 1673 esse
487 1647 638 1685 genere.

167 1702 212 1740 In
241 1702 318 1740 illis
348 1701 492 1751 quippe
519 1701 678 1739 vocibus

113 1768 184 1806 Est
213 1768 306 1806 ordo
336 1767 426 1805 talis
455 1768 658 1809 motuum:

114 1833 294 1872 Extreme
321 1833 392 1871 sibi
423 1835 605 1871 resonant

115 1899 408 1938 Pentetessaron
436 1900 601 1948 species;

115 1965 371 2004 Semitonium
400 1978 474 2002 non
505 1953 670 2013 resonat,

115 2032 195 2069 Nec
223 2031 351 2069 locum
380 2032 488 2069 tenet
517 2031 689 2078 ditonus3

115 2098 245 2148 Longe
274 2097 383 2135 abest
410 2097 678 2143 semiditonus,

117 2166 218 2203 Dum
247 2165 380 2202 carent
408 2163 737 2213 proportionibus.

117 2232 220 2277 Quos
248 2241 380 2268 omnes
408 2241 512 2267 nunc
541 2228 825 2278 amplectimur,

117 2297 256 2346 Eisque
287 2297 442 2334 cantum
471 2294 710 2344 stringimus²

117 2362 198 2408 Quo
228 2362 354 2399 multa
382 2360 478 2398 fiant
506 2359 655 2398 cantica

116 2427 368 2466 Concorditer
396 2426 590 2464 aonantia.

117 2495 190 2533 His
219 2494 362 2543 quippe
391 2504 517 2530 nervis
547 2493 715 2541 quatuor

117 2560 198 2599 Alii
225 2560 400 2597 inserunt
427 2558 606 2607 quatuor.

117 2628 248 2666 Prime
275 2627 405 2675 partes
434 2624 650 2662 minoribus

118 2693 219 2730 Dum
250 2690 482 2729 dividuntur
509 2690 679 2727 motibus

119 2757 333 2797 Octocordo
361 2768 430 2794 nos
457 2756 609 2794 utimur

120 2825 196 2862 Pro
224 2836 359 2862 eorum
388 2821 593 2871 quatrid03

235 2911 278 2935 232³.
295 2925 328 2928 —
344 2909 476 2944 Eumol,
498 2893 600 2934 Guido
621 2907 748 2934 Arelino

918 257 968 295 Et
997 256 1199 306 protriatis
1230 255 1385 293 vocibus

919 323 1104 371 Sept-enas
1134 335 1237 360 nunc
1266 322 1488 371 recipimus.

922 388 1045 426 Unius
1074 387 1179 425 modi
1209 388 1358 425 cantica

925 453 1123 490 Sonabant
1152 453 1210 490 illi
1238 452 1365 502 rigida

920 517 1016 555 Octo
1047 529 1149 554 nunc
1178 517 1280 554 modi
1311 518 1545 565 concrepant

925 582 1072 620 Sonora
1100 583 1230 619 nostra
1259 594 1416 630 organa.

923 646 1023 691 Quos
1052 646 1156 696 greci
1185 648 1332 694 protOS‚
1362 646 1553 690 dueteros‚

923 712 1050 749 Tiitos
1079 714 1116 749 et
1145 711 1338 749 tetrardos
1366 712 1579 748 nominant.

927 777 1103 827 Plagales
1134 779 1172 814 et
1200 776 1417 814 autenticos

923 843 1022 880 Loco
1052 842 1249 891 signantes
1279 843 1462 890 proprio3

925 904 1119 946 Naturam
1148 920 1315 957 quorum
1343 907 1486 955 poteris

925 973 1108 1023 Sequenti
1138 973 1239 1021 stylo
1268 984 1435 1016 noscere,

927 1040 1040 1078 Hunc
1071 1038 1269 1088 proprium
1298 1038 1400 1087 quod
1431 1038 1573 1087 singuli

926 1106 1124 1143 Habemus
1152 1104 1220 1141 ubi
1251 1103 1386 1141 dicere.

924 1171 1076 1209 Nomen
1106 1182 1218 1207 omne
1246 1169 1450 1218 qualitatis

925 1238 1022 1275 Jure
1050 1249 1116 1274 sue
1146 1235 1325 1274 sumitur.

930 1303 1025 1341 Inde
1054 1314 1146 1353 ergo
1176 1301 1237 1338 sui
1265 1302 1390 1339 status

928 1369 1100 1406 Motione
1128 1366 1297 1416 propria,

924 1435 1022 1481 Quia
1050 1446 1253 1482 nunquam
1282 1434 1340 1470 est
1367 1432 1532 1469 immota

924 1501 1158 1551 Appellatur
1185 1499 1344 1536 musica.

924 1567 1054 1616 Hujus
1082 1567 1211 1603 motus
1239 1566 1329 1602 sunt
1357 1564 1523 1609 incertis,

926 1631 1183 1671 Determinati
1213 1630 1360 1680 spatiis.

926 1699 1021 1736 Fixa
1050 1698 1200 1747 pollent
1230 1697 1452 1746 quantitate

929 1765 1038 1803 Artis
1068 1763 1207 1801 cantici
1236 1762 1409 1812 regulis3

927 1830 1007 1868 Nec
1036 1830 1258 1867 decrescunt
1286 1840 1353 1865 nec
1383 1828 1592 1876 augentur.

932 1898 1033 1935 Loca
1062 1909 1148 1934 cum
1176 1893 1426 1932 mutaverint.

979 1963 1099 2000 Heret
1127 1964 1259 1999 autem
1287 1960 1346 1997 his
1375 1959 1625 2008 augmentum

933 2029 1024 2066 Tale
1053 2027 1116 2066 vel
1144 2025 1331 2071 defecti03

930 2095 1004 2133 Per
1034 2094 1183 2142 majora
1213 2091 1290 2128 ima
1320 2092 1459 2139 petunt

929 2161 1004 2198 Per
1033 2159 1184 2197 minora
1213 2156 1365 2195 altiora.

926 2226 999 2264 Sed
1027 2225 1170 2273 ubique
1200 2224 1252 2261 eis
1279 2235 1357 2260 una

927 2291 1135 2329 Permanet
1164 2287 1363 2327 concordia

929 2357 1075 2394 Tamen
1103 2355 1249 2405 pollent
1279 2352 1499 2402 quantitate

931 2423 1068 2460 Altera
1096 2419 1280 2458 mirabili.

931 2489 1027 2527 Cum
1056 2487 1249 2537 augentur
1277 2497 1351 2522 una
1380 2485 1500 2532 parte.

930 2555 1038 2592 Tunc
1065 2552 1290 2590 decrescunt
1319 2549 1407 2587 alia.

931 2620 1133 2666 Quantum
1162 2630 1239 2654 una
1267 2617 1497 2659 minoratur,

930 2687 1054 2724 Tanto
1083 2683 1260 2722 crescunt
1289 2681 1421 2718 altera.

983 2749 1205 2799 Simphonie
1233 2748 1280 2785 he
1309 2749 1453 2783 vocate.

931 2817 1064 2855 Doctis
1094 2816 1187 2852 sunt
1215 2828 1237 2850 a
1267 2811 1441 2857 mnsicis3
