2012 3182
289 117 358 152 466
888 116 1037 153 GUIDO
1065 118 1277 154 ARETINO

399 596 531 636 Gloria
571 597 790 635 seculorum
955 611 1077 636 amen.
1218 598 1427 636 Benedicta
1538 601 1595 636 lu.

292 698 387 738 Ecce
415 712 482 737 rex
511 698 628 737 venit.
1109 700 1208 738 Oves
1238 712 1321 737 mee
1351 712 1495 739 vocem.

294 766 418 816 Super
445 768 485 804 te
513 766 741 804 Jerusalem.
1110 766 1238 804 Multa
1267 767 1383 805 bona.

292 832 368 878 Qui
397 833 485 881 post
514 844 574 869 me
602 833 718 870 venit.
1114 832 1327 870 Desiderio.

293 898 352 936 Da
381 897 607 935 mercedem.
1114 898 1203 935 Non
1232 898 1402 937 haberes.

294 964 396 1001 Ante
426 964 598 1001 chorum.
1108 964 1320 1002 Exortatus
1351 977 1401 1003 es.

291 1029 483 1067 Judieasti
513 1028 680 1067 domine.
1113 1030 1423 1070 Confundantur.

295 1095 334 1134 Si
365 1095 449 1144 quis
479 1094 575 1132 sitit.
1108 1095 1269 1134 Elevata
1299 1098 1369 1135 est.

293 1160 460 1209 Tempus
489 1173 632 1198 meum.
1112 1160 1283 1199 Posuisti
1312 1162 1477 1200 domine.

292 1226 528 1264 Potestatem
560 1225 696 1263 habeo.
1112 1225 1186 1264 Hic
1215 1226 1389 1276 accipiet.

346 1327 423 1365 Iste
452 1326 524 1365 due
553 1326 768 1365 differentie
796 1340 871 1376 que
899 1328 989 1365 sunt
1017 1327 1057 1365 in
1087 1327 1197 1365 finem
1229 1328 1346 1377 hujus
1375 1329 1494 1376 modi,
1523 1329 1644 1379 ipsius
1672 1330 1764 1368 sunt
1785 1342 1872 1368 cum

291 1393 476 1431 subiectis
519 1392 753 1442 antiphonis,
793 1392 858 1431 sed
898 1392 1034 1431 vitiose
1073 1393 1257 1431 hactenus
1296 1394 1397 1433 dicte
1435 1397 1527 1433 sunt
1569 1398 1730 1445 propter
1770 1408 1874 1434 erro-

294 1472 376 1497 rem
405 1458 490 1496 finis
519 1459 822 1507 antiphonarum
861 1458 901 1496 in
935 1461 1075 1508 quarto
1109 1461 1214 1507 tono,
1244 1473 1345 1498 nunc
1374 1462 1505 1499 autem
1537 1461 1591 1499 sic
1619 1474 1752 1500 eorum
1790 1461 1875 1499 finis

294 1524 479 1563 dicendus
507 1525 587 1570 est;

930 2160 969 2185 IN
1000 2159 1240 2185 INTRUITIBUS

1074 2255 1093 2292 Ι

378 2495 511 2534 Gloria
646 2496 865 2533 seculorum
1053 2510 1178 2535 amen.
1398 2498 1502 2536 Puer
1532 2500 1648 2536 natus
1677 2499 1746 2535 est.

298 2597 411 2637 Oculi
438 2597 515 2635 mei
541 2608 704 2646 semper.
1115 2599 1275 2648 Respice
1305 2599 1471 2638 domine.

296 2663 412 2713 Aque
440 2662 641 2712 sapientie.
1112 2665 1301 2703 Judicant
1329 2665 1466 2704 sancti.

296 2728 437 2767 Venite
463 2728 669 2767 benedicti.
887 2725 891 2728 ’
1115 2730 1253 2779 Populi
1282 2731 1386 2769 Sion.

302 2794 336 2831 N
340 2807 359 2831 o
387 2793 535 2832 timeas.
1113 2796 1219 2834 Deus
1247 2796 1288 2835 in
1319 2797 1399 2835 loeo
1431 2798 1565 2835 sancto
1594 2808 1677 2836 suo.
