1996 3150
424 825 908 882 MICROLOGUS
948 822 1310 878 GUIDONIS

166 963 266 1004 DE
322 963 833 1006 DISCIPLINA
891 962 1143 1005 ARTIS
1199 960 1574 1004 MUSICAE

263 1273 536 1328 Gymnasio
568 1287 714 1314 musas
748 1271 914 1326 placuit
945 1283 1152 1311 revocare
1185 1269 1349 1310 solutas

262 1347 356 1388 Ut
387 1352 566 1401 pateant
596 1345 748 1401 parvis
782 1343 959 1384 habitae
992 1343 1071 1383 vix
1104 1341 1316 1383 hactenus
1350 1340 1467 1382 altis.

262 1416 481 1459 Invidiae
511 1417 645 1457 telum
678 1416 866 1471 perimat
898 1413 1073 1455 dilectio
1109 1427 1315 1466 caecum3

263 1490 407 1531 Dira
441 1488 619 1545 quidem
651 1488 784 1543 pestis
809 1487 908 1528 tulit
935 1487 1082 1527 omnia
1107 1484 1331 1526 commoda
1360 1485 1503 1525 terris.

259 1559 457 1604 Ordine
490 1574 558 1601 me
591 1559 746 1614 scripsi
779 1558 918 1613 primo
953 1557 1027 1612 qui
1061 1557 1259 1597 carmina
1286 1555 1408 1596 finxi.

217 1924 512 1972 EPISTOLA
546 1925 840 1972 GUIDONIS
874 1923 1153 1972 MONACHI
1184 1923 1258 1971 AC
1292 1921 1501 1969 MUSICI

495 2034 548 2060 AD
568 2032 847 2060 TlIEODALDUM
868 2032 1103 2059 EI‘ISCUPL'M
1124 2030 1239 2059 SUUM

455 2119 523 2156 DE
551 2118 845 2157 DISCIPLINA
875 2118 1026 2156 ARTIS
1058 2116 1285 2155 MUSICAE

141 2364 296 2405 Divini
320 2365 499 2418 timoris,
518 2366 735 2420 totiusque
758 2364 1002 2420 prudentiae
1030 2364 1197 2420 fulgore
1215 2364 1457 2405 clarissimo
1481 2379 1532 2405 ac
1551 2363 1648 2405 dul-

78 2435 251 2476 cissimo
277 2435 399 2476 Patri
421 2436 456 2476 ἃ,
479 2436 843 2477 reverendissimo
870 2435 1057 2476 Domino
1085 2435 1337 2477 Theodaldo
1363 2435 1647 2477 sacerdotum

79 2520 132 2547 ac
169 2506 411 2548 Praesulum
443 2507 713 2562 dignissimO,
748 2506 893 2548 Guido
917 2521 1093 2548 suorum
1136 2505 1447 2548 monachorum
1479 2507 1647 2548 utinam

81 2577 299 2631 minimus,
334 2578 549 2633 quidquid
581 2592 732 2619 servus
765 2577 800 2618 ἃ
831 2577 959 2618 filius.

141 2648 259 2689 Dum
290 2649 492 2690 solitariae
526 2650 626 2690 vitae
660 2648 815 2690 saltem
849 2649 1064 2690 modicam
1098 2651 1280 2705 exsequi
1313 2651 1441 2705 cupio
1476 2650 1648 2704 quanti-

81 2724 230 2771 tatem,
249 2726 404 2761 vestrae
423 2719 709 2776 benignitatis
732 2720 930 2774 dignatio
948 2720 1004 2761 ad
1022 2722 1135 2761 sacri
1155 2720 1277 2761 verbi
1295 2720 1487 2762 studium
1506 2734 1647 2761 meam

80 2788 166 2830 sibi
199 2791 357 2831 sociari
391 2791 525 2832 voluit
557 2792 846 2847 parvitatem:
881 2805 968 2832 non
994 2791 1111 2847 quod
1139 2791 1283 2832 desint
1315 2798 1469 2833 vestrae
1503 2790 1647 2832 excel-

80 2860 225 2902 lentiae
259 2862 383 2903 multi
427 2864 618 2905 maxime
646 2862 907 2919 spectabiles
955 2864 1053 2916 viri,
1089 2863 1125 2904 ἅ,
1159 2864 1374 2905 virtutum
1418 2862 1646 2904 effectibus
