2012 3182
294 140 363 175 448
889 136 1038 171 GUIDO
1067 135 1278 171 ARETINO

350 236 586 284 Queounque
606 247 699 285 ergo
720 233 846 272 simile
874 232 1111 282 principium
1139 233 1352 272 habuerint
1370 233 1410 271 in
1430 233 1500 271 hae
1528 234 1769 283 aptabuntur
1797 233 1875 270 for-

295 303 418 347 mula;
447 301 511 339 sed
539 301 609 338 hec
636 300 772 338 eadem
800 300 969 336 formula
998 299 1151 337 obtinet
1179 299 1299 337 alium
1330 298 1579 348 principium.
1610 298 1692 343 Que
1732 298 1771 336 in
1814 297 1874 335 his

295 366 462 415 quidem,
485 378 560 415 que
592 365 773 414 premisse
808 366 900 403 sunt
934 366 991 403 est
1025 365 1222 414 preposita
1248 377 1316 414 per
1344 363 1543 419 ditonum3
1573 364 1613 401 in
1641 363 1699 401 his
1728 366 1872 410 autem,

297 444 370 480 que
398 433 628 480 sequuntur,
657 431 861 480 supposita
891 443 958 480 per
988 429 1250 476 semitonium,
1282 430 1326 467 ut
1354 430 1466 479 pote:

939 518 1018 556 Iter
1046 520 1172 556 natos.

941 583 1002 621 Sic
1031 596 1118 621 eum
1149 584 1250 622 volo.

943 649 1134 687 Dominus
1164 663 1241 687 rex.

404 729 454 766 Et
483 731 607 767 cetere
636 728 685 766 ad
714 727 877 765 eundem
916 726 1088 765 modum.

1071 840 1106 878 Il

297 974 462 1027 2—
511 999 530 1023 „-
589 952 913 1025 ’ῖῖ-ι-’Ἦη
1033 967 1076 1001 ,,,·
1173 952 1259 985 4
1346 942 1881 1057 ἦψεζ

294 950 316 954 l

318 951 341 954 1

295 997 316 1000 l

647 1062 778 1100 Gloria
1195 1062 1416 1100 seculorum
1644 1073 1768 1100 amena

298 1164 338 1202 Si
367 1165 456 1213 quis
485 1163 618 1213 diligit
648 1176 719 1201 me.
1112 1163 1186 1208 Qui
1217 1163 1398 1212 sequitur
1428 1176 1500 1201 me.

298 1229 397 1268 Cum
425 1231 523 1268 esset
552 1242 620 1267 rex
650 1229 689 1267 in
719 1229 910 1268 aceubitu.
1115 1229 1166 1267 Et
1195 1229 1360 1268 intravit
1391 1242 1478 1267 cum
1509 1229 1599 1267 illis.

298 1296 557 1334 Mercenarius
587 1296 656 1333 est.
1115 1295 1216 1332 Anto
1247 1295 1347 1332 diem
1380 1295 1534 1333 festum.

299 1361 396 1398 Cum
424 1361 536 1399 fortis
567 1362 755 1399 armatus.
1121 1360 1325 1398 Letamini.

221 1446 228 1454 -
299 1426 339 1464 Si
367 1426 406 1463 in
438 1425 562 1475 digito
593 1426 667 1463 dei.

353 1515 453 1553 Item
482 1515 520 1553 in
552 1516 685 1554 eadem
716 1517 882 1555 formula
911 1516 1179 1555 absimilitudo
1209 1516 1451 1566 parvissima.

302 1611 448 1662 Alliga,
469 1611 642 1650 Domine.
1122 1612 1290 1663 Symeon
1306 1613 1449 1662 justus.

302 1677 469 1715 Adhesit
490 1678 633 1715 anima.
1120 1679 1324 1728 Accipiens
1354 1678 1532 1728 Symeon.

1066 1804 1123 1842 III

299 1917 1010 1981 :i—ss-Lt—-sst--·
1107 1914 1151 1948 -'·
1227 1930 1317 1988 Τμ-
1463 1928 1649 2003 ,ῑ-’,β
1771 1964 1790 1981 ,

556 2018 688 2056 Gloria
1037 2019 1255 2057 seculorum
1553 2030 1678 2055 amen.

301 2115 409 2152 Tolle
438 2127 617 2163 puerum.
1121 2114 1217 2152 Cum
1246 2115 1404 2163 repente

300 2180 444 2217 Fidelis
474 2192 621 2218 servus.
1118 2180 1246 2218 Homo
1277 2179 1438 2229 quidam
1466 2178 1569 2216 feeit.

301 2245 475 2283 Herodes
506 2245 606 2283 enim
638 2246 775 2284 tenuit.
934 2259 937 2263 ·
1114 2245 1279 2283 Domine
1310 2244 1450 2294 patior.

304 2314 426 2351 Malos
456 2315 568 2352 male.
1118 2312 1336 2350 Jerusalem
1366 2312 1596 2350 Jerusalem.

300 2378 382 2429 Ego
413 2390 499 2416 sum
529 2384 660 2427 pastor
689 2379 829 2417 bonus.
1125 2377 1184 2414 Tu
1213 2376 1427 2415 Bethleem.

300 2444 438 2481 Justus
467 2457 530 2482 eor
558 2457 686 2482 suum.
1118 2443 1285 2481 Domine
1316 2441 1488 2491 probasti

305 2509 381 2547 Hie
410 2511 467 2547 est
497 2509 710 2559 discipulus
1119 2508 1259 2547 Omnia
1288 2519 1533 2556 quecumque

302 2573 485 2618 Qerentes
515 2587 616 2612 eum.
1121 2572 1246 2618 Quem
1275 2573 1312 2610 in
1344 2574 1520 2610 eternum

304 2638 501 2676 Elisabeth
531 2638 722 2677 Zacharie.

358 2738 457 2777 Sunt
497 2748 674 2789 preterea
702 2740 870 2789 plurime
898 2740 1202 2789 antiphonarum
1236 2751 1308 2788 que
1342 2739 1464 2787 hujus
1499 2737 1682 2775 videntur
1716 2737 1883 2775 foi-mule

305 2816 393 2842 cum
423 2805 502 2843 sint
530 2817 575 2842 ex
603 2807 764 2844 autento
784 2808 896 2855 proto
916 2808 954 2844 et
973 2805 1101 2855 prima
1121 2815 1233 2850 voee;
1263 2804 1316 2842 sic
1345 2806 1423 2842 est:
1458 2804 1613 2841 Pulcra
1632 2814 1685 2847 68,
1716 2804 1755 2841 et
1783 2802 1885 2841 inter

305 2880 401 2917 quas
431 2869 590 2918 quidam
619 2870 767 2908 autenti
805 2870 954 2909 deuteri
994 2869 1152 2915 faciunt,
1193 2881 1267 2906 non
1306 2868 1402 2905 bene
1440 2869 1624 2905 tonorum
1662 2867 1882 2906 semitonio·
