2012 3182
318 124 387 158 446
913 123 1062 158 GUIDO
1091 123 1301 158 ARETINO

322 220 396 259 Sed
424 220 463 258 in
494 221 693 259 modorum
727 220 901 258 omnium
932 219 1102 270 qualitas
1141 219 1347 259 intueatur
1376 220 1415 258 et
1443 220 1570 270 placet
1597 220 1689 260 istas
1718 222 1903 271 sympho-

321 286 404 324 uias
432 286 504 324 sub
534 285 666 323 eadem
696 286 831 336 regula
859 285 1085 336 constringi,
1115 285 1240 336 magis
1269 286 1464 335 pertinent
1492 286 1542 324 ad
1569 286 1806 325 tretrardum
1836 300 1903 326 au-

320 352 474 389 tentum
502 363 619 400 quam
649 351 764 401 plage
793 350 944 389 deuteri
972 351 1034 389 vel
1062 351 1180 400 proti.
1211 350 1432 389 Certissime
1472 351 1575 389 enim
1604 353 1758 390 constat
1798 352 1903 402 quod

320 416 504 454 deuterus
532 417 736 454 semitonio
766 418 804 455 et
834 429 910 454 non
931 418 1020 455 tono
1041 417 1227 455 elevatur.
1249 416 1347 455 Cum
1366 417 1439 456 iste
1458 406 1526 467 per
1555 418 1694 456 tonum
1724 430 1767 456 ac
1789 418 1904 456 semi-

319 481 473 519 tonium
503 481 691 520 elevatur.
723 481 923 520 Secundus
944 481 1083 520 modus
1104 483 1383 532 pronuntiatus
1413 495 1505 532 ergo
1534 497 1556 521 a
1585 483 1811 521 cantoribus
1831 483 1905 522 erit

323 545 434 594 primi
465 546 571 584 modi
601 546 724 596 prime
755 547 871 595 vocis,
892 559 1014 596 quum
1035 547 1126 585 licet
1148 560 1233 585 eum
1256 548 1396 597 deponi
1425 547 1474 586 ad
1494 547 1794 586 similitudinem
1813 548 1904 586 deu-

319 613 393 650 teri
422 615 460 650 ct
488 612 630 651 elevari
660 625 681 649 a
709 611 1005 650 similitudinem
1035 613 1151 662 proti,
1182 613 1276 662 quia
1306 613 1489 651 deuterus
1517 613 1687 652 ommino
1717 615 1833 652 caret.
1853 614 1905 651 Et

322 678 416 715 item
447 679 561 727 plage
580 677 684 727 proti
715 689 794 715 esse
815 690 890 715 non
910 678 1053 725 licebit,
1076 691 1199 727 quum
1220 681 1358 728 quarto
1379 680 1461 717 loco
1481 692 1504 717 a
1523 679 1630 717 finali
1654 691 1745 718 voce
1774 691 1905 717 omncs

324 743 590 782 distinctiones
619 743 756 781 mittit.
778 743 828 781 Et
849 743 925 780 iam
945 743 1203 782 differentiam
1224 745 1441 783 naturalem
1463 757 1549 783 cum
1569 745 1683 795 plage
1704 744 1810 794 proti
1828 757 1906 782 non

322 810 475 859 quarto,
505 809 571 847 sed
600 809 717 847 tertio
740 810 823 847 loco
844 823 865 847 a
887 821 925 847 se
956 808 1190 848 differentias
1219 811 1257 848 et
1286 809 1552 848 distinctiones
1573 822 1704 848 omnes
1728 810 1903 860 recipiat.

323 875 469 914 Finalis
491 887 582 926 ergo
612 887 688 914 vox
716 876 836 925 hujus
869 875 1100 925 symphonie
1134 875 1350 925 deponatur
1378 876 1472 914 tono
1512 877 1551 914 et
1583 889 1673 914 mox
1702 875 1907 925 apparebit

323 941 536 981 certissime
567 955 611 980 ea
640 953 718 979 esse
748 943 887 991 quarta
916 941 1021 979 modi
1057 941 1220 991 septime
1254 942 1371 980 vocis.
1392 941 1621 980 Notandum
1649 954 1806 991 quoque
1835 942 1904 990 est,

324 1009 417 1058 quia
446 1008 486 1046 hi
507 1008 575 1057 qui
595 1020 681 1046 eam
700 1008 933 1057 pronuntiat
962 1007 1007 1045 dc
1038 1007 1154 1057 plaga
1183 1006 1345 1054 deuteri,
1365 1008 1560 1057 recipiunt
1588 1007 1627 1045 in
1656 1007 1779 1057 ipsam
1800 1019 1905 1057 sym-

322 1075 509 1125 phoniam
535 1076 650 1125 juxta
680 1074 845 1124 primam
874 1086 1005 1112 vocem
1037 1074 1135 1112 duas
1174 1073 1346 1113 diversas
1384 1075 1553 1122 voculas,
1583 1073 1688 1124 quod
1726 1074 1819 1124 quia
1855 1074 1908 1112 sit

323 1141 547 1188 absurdum,
578 1141 710 1179 nullus
740 1140 811 1190 qui
838 1141 1022 1179 naturam
1051 1152 1191 1179 vocum
1219 1140 1429 1190 cognoscit,
1460 1140 1638 1191 ignorare
1667 1140 1824 1190 poterit.

375 1207 507 1258 Igitur
536 1205 863 1256 quemadmodum
892 1205 932 1242 in
962 1206 1074 1255 proto
1103 1205 1298 1243 autentico
1331 1205 1426 1244 duas
1465 1205 1649 1244 discretas
1689 1205 1806 1243 facies
1841 1204 1906 1242 de-

324 1274 522 1324 pinximus
552 1276 590 1312 et
619 1273 832 1311 secundum
871 1273 976 1322 quod
1005 1273 1040 1310 in
1080 1273 1162 1321 ipso
1202 1272 1464 1311 deffinivimus
1493 1273 1533 1310 in
1561 1271 1698 1311 ceteris
1735 1271 1907 1310 autentis

322 1340 527 1379 convenire
547 1339 726 1386 diximus,
747 1339 800 1377 sic
820 1340 857 1377 et
877 1339 918 1376 in
940 1338 1064 1388 plagis
1084 1338 1256 1376 diversas
1284 1340 1323 1376 et
1350 1340 1626 1377 annumeratas
1655 1338 1907 1377 distinximus

322 1408 463 1456 partes.
494 1406 668 1444 Habebit
696 1406 828 1443 autem
856 1405 894 1442 et
927 1404 1053 1454 plagis
1091 1405 1194 1453 proti
1233 1404 1331 1442 duas
1371 1404 1575 1443 dissimiles
1610 1404 1717 1452 fines,
1755 1403 1794 1441 id
1836 1404 1905 1450 est,

322 1473 458 1511 finales
476 1484 598 1518 voces,
619 1484 667 1510 ex
687 1471 831 1521 quibus
851 1470 977 1520 prima
994 1470 1187 1519 descripta
1206 1472 1275 1517 est,
1298 1476 1400 1508 nunc
1429 1471 1622 1520 posterior
1650 1469 1906 1509 subcribitur.

565 1579 727 1618 Currere
757 1578 824 1628 qui
852 1577 975 1627 cupis,
1005 1577 1196 1615 ambobus
1225 1577 1421 1628 gressibus
1451 1577 1520 1615 ito.

565 1645 655 1683 Non
686 1644 781 1682 bene
809 1644 986 1693 properit
1015 1656 1058 1680 ex
1087 1642 1164 1680 imo
1195 1642 1390 1681 claudicat
1418 1642 1449 1680 is
1480 1642 1562 1691 qui.

563 1711 624 1749 Sic
655 1710 790 1749 modus
820 1711 859 1748 in
888 1709 1053 1760 singulis
1081 1709 1274 1748 melorum
1303 1709 1507 1760 omnigene
1534 1709 1663 1748 seccis.

320 1834 384 1887 Ἳῖ
467 1879 486 1895 ,
536 1865 587 1917 3„
631 1841 700 1900 ’τ
775 1841 794 1859 ·
846 1873 849 1874 ⁷
893 1841 915 1859 ·
988 1841 1019 1875 ².
1109 1854 1127 1870 -
1202 1839 1296 1916 ,ρἻ
1344 1826 1734 1917 {pk—’23³‘
1773 1863 1864 1882 .-,

512 1931 644 1970 Gloria
831 1931 1051 1968 seculorum
1189 1943 1313 1968 amen.
1424 1930 1614 1980 Magnum
1700 1928 1905 1967 Herodem.

324 2027 536 2066 Benedicta
565 2040 603 2065 es
632 2026 732 2065 infir.
1139 2025 1363 2075 Martyrum
1392 2026 1542 2064 chorus.

326 2093 434 2131 Unus
465 2095 523 2131 est
554 2092 668 2131 enirn.
1146 2091 1198 2129 Te
1228 2105 1364 2129 unum.

327 2159 526 2208 Principes
556 2158 668 2196 sacri.
1147 2156 1287 2195 Venite
1318 2156 1534 2196 adoremus.

328 2225 503 2263 Accessit
531 2225 646 2263 Jesus
675 2225 714 2262 et
743 2224 890 2274 tetigit.

957 2356 998 2382 IN
1028 2355 1271 2382 INTROITiBUS

855 2427 1066 2466 Moltitudo
1104 2427 1393 2477 languentium.

920 2555 961 2580 IN
991 2554 1308 2580 COMMUNIONIBUS

905 2638 1054 2676 Ultimo
1086 2638 1327 2676 festivitatis·

774 2710 835 2768 R).
892 2716 933 2754 Si
960 2717 1062 2755 bona
1091 2716 1345 2764 suscepimus.

950 2821 1036 2841 FINIT
1057 2820 1172 2841 PLAGIS
1192 2819 1286 2840 PROT1
