2012 3182
336 183 406 219 404
926 177 1075 213 GUIDO
1102 177 1314 212 ARETINO

398 279 571 320 Dehinc
603 276 745 318 studio
779 280 1001 317 crescente
1028 274 1146 315 ‘inter
1180 273 1288 314 duas
1320 272 1471 325 lineas,

393 350 494 391 Vox
525 350 831 404 interponatur
861 360 963 400 una,
998 359 1156 400 nempe
1188 345 1343 400 quaerit
1376 344 1502 398 ratio,

398 421 547 462 Variis
579 425 627 460 ut
659 420 716 460 sit
747 419 792 459 in
825 417 954 459 rebus
987 417 1113 458 varia
1145 417 1303 472 positio

398 493 460 546 (1)
487 491 695 544 (Quidam
727 495 894 546 ponunt
925 488 1033 529 duas
1066 475 1192 529 voces
1225 487 1332 529 duas
1366 488 1480 528 inter
1510 487 1661 539 lineas,

393 562 585 615 Quidam
617 568 778 614 ternas,
811 559 992 616 quidam
1023 573 1127 600 vero
1161 558 1301 600 nullas
1334 558 1498 599 habent
1529 558 1680 610 lineas,

394 634 565 688 Quibus
598 633 720 675 labor
752 647 851 674 eum
884 632 940 673 sit
972 633 1131 686 gravis,
1168 645 1288 672 error
1320 636 1384 671 est
1415 630 1715 685 gravissimus.

393 706 716 761 Argumentum
749 719 850 745 vero
884 702 1073 758 simplex
1104 703 1208 758 quia
1240 703 1325 743 cito
1346 702 1545 762 capitur,

392 777 539 819 Tonus
573 777 726 818 tertius
760 776 797 814 &
829 781 978 816 sextus
1013 774 1320 816 describuntur
1351 774 1520 828 saepius,

396 848 512 900 Quos
544 847 796 903 frequenter
828 861 1101 902 repercussos
1135 860 1238 887 mox
1270 845 1492 900 cognoscit
1523 842 1710 911 animus.

390 920 662 961 Litterarum
696 926 733 963 &
764 932 1024 960 neumarum
1057 932 1160 958 usus
1193 917 1249 958 sit
1282 916 1496 958 assiduus.

395 991 589 1046 Quisque
622 1005 750 1032 sonus
784 999 871 1045 quo·
901 990 958 1030 sit
990 988 1082 1030 loco
1115 988 1244 1033 facile
1277 987 1516 1044 colligitur,

392 1063 581 1104 Etiamsi
612 1077 700 1103 una
733 1063 939 1115 (tantum)
977 1060 1123 1102 littera
1156 1045 1435 1116 praefigitur).

393 1134 456 1176 Ut
487 1134 730 1189 proprietas
762 1146 966 1174 sonorum
1000 1132 1276 1173 discernatur
1310 1130 1489 1184 clarius,

393 1204 617 1256 Quasdam
650 1204 787 1245 lineas
821 1203 1043 1259 signamus
1076 1203 1210 1244 variis
1245 1201 1478 1244 coloribus:

391 1276 454 1318 Ut
486 1290 567 1331 quo
599 1276 690 1317 loco
724 1276 820 1331 quis
853 1276 909 1316 sit
941 1281 1081 1327 tonus,
1115 1289 1219 1315 mox
1251 1274 1470 1316 discernat
1503 1274 1664 1326 oculus,

393 1346 557 1388 Ordine
592 1347 730 1387 tertiae
762 1347 881 1387 vocis
914 1345 1146 1401 splendens
1179 1359 1330 1386 crocus
1362 1344 1532 1386 radiat:

394 1417 530 1460 Sexta
562 1419 654 1459 eius
688 1417 761 1458 sed
796 1418 937 1459 affinis
969 1416 1083 1457 flavo
1115 1415 1243 1457 rubet
1274 1417 1424 1468 minio,

390 1490 470 1531 Est
503 1490 690 1530 affinitas
723 1487 917 1529 colorum
949 1487 1130 1543 reliquis
1163 1487 1341 1529 indicio.

389 1560 451 1602 At
478 1561 518 1602 'si
550 1561 695 1602 littera
728 1558 798 1601 vel
830 1558 946 1601 color
978 1559 1148 1601 neumis
1181 1573 1267 1600 non
1301 1560 1516 1613 intererit,

389 1633 496 1674 Tale
529 1632 624 1685 erit,
659 1631 784 1687 quasi
817 1630 966 1672 funem
1000 1630 1105 1672 dum
1137 1645 1222 1672 non
1255 1629 1385 1672 habet
1417 1637 1596 1686 puteus:

390 1703 525 1746 Cuius
559 1718 693 1759 aquae,
727 1703 930 1759 quamvis
962 1702 1123 1756 multae,
1157 1702 1220 1744 nil
1253 1709 1434 1758 prosunt
1465 1701 1733 1744 videntibus

389 1775 504 1817 Illud
537 1789 721 1831 quoque,
755 1773 871 1830 quod
904 1774 1104 1830 praedixi,
1140 1773 1268 1816 valde
1301 1774 1387 1814 erit
1417 1773 1540 1827 utile,

389 1847 552 1890 Similis
583 1846 731 1901 figurae
762 1860 944 1887 neumas
979 1846 1013 1886 si
1047 1860 1172 1887 cures
1204 1845 1433 1901 inspicere,

391 1919 520 1960 Locis
552 1918 689 1959 variis
722 1920 759 1959 &
792 1916 932 1959 modis
966 1931 1096 1972 quam
1130 1916 1303 1958 diverse
1336 1923 1550 1958 resonent.

390 1989 699 2046 Aptitudinem
732 2003 990 2030 neumarum
1023 1988 1153 2030 facile
1189 1988 1417 2044 intelligis,

387 2062 482 2114 Quo
515 2062 558 2102 in
590 2060 682 2102 loco
714 2060 811 2116 quis
844 2061 901 2101 sit
933 2074 1063 2102 sonus
1097 2061 1143 2101 in
1175 2059 1360 2102 diversis
1394 2060 1534 2113 lineis,

389 2134 504 2175 Usus
537 2130 617 2173 tibi
651 2131 706 2172 sit
738 2130 1012 2189 siufrequens
1046 2131 1091 2172 in
1126 2130 1352 2172 modorum
1386 2130 1599 2172 formulis.

389 2202 643 2247 Cuiusmodi
675 2201 946 2258 symphoniis
980 2200 1238 2258 symphonia
1271 2203 1474 2256 concinit,

388 2274 617 2318 Eiusmodi
650 2272 956 2329 symphoniam
991 2274 1132 2329 ipsam
1165 2288 1256 2315 esse
1290 2274 1480 2315 noveris.

389 2347 533 2400 Quare
564 2345 773 2388 octomela
805 2345 975 2402 cunctis
1008 2344 1235 2387 subdimus
1267 2345 1533 2402 antiphonis»,

391 2420 453 2473 (2)
489 2417 640 2459 Plures
673 2431 799 2459 voces
829 2415 954 2458 brevi
987 2415 1095 2458 fiant
1126 2422 1244 2458 meta
1275 2417 1329 2458 sit
1361 2418 1406 2458 in
1440 2417 1594 2473 spatio.

389 2490 573 2546 Signum
606 2494 670 2530 est
701 2488 920 2544 sequentis
952 2502 1133 2543 neumae,
1166 2503 1249 2544 quo
1283 2488 1375 2538 loco
1408 2487 1609 2545 ponenda
1641 2488 1710 2542 sit,

388 2561 474 2604 Suo
507 2560 599 2602 loco
630 2574 684 2601 ne
717 2565 917 2615 ponatur,
952 2573 1051 2600 cum
1083 2574 1258 2602 necesse
1289 2559 1435 2601 fuerit.

374 2798 428 2844 (1)
455 2797 612 2833 Uneinis
637 2797 784 2833 inclusa
810 2808 854 2832 ex
879 2797 966 2833 Cod.
993 2797 1146 2833 VINDOB.
1174 2798 1337 2834 desunta
1363 2803 1467 2843 sunt,

376 2858 431 2907 (2)
464 2858 504 2893 V.
529 2857 573 2892 In
600 2856 724 2904 eapite
750 2856 933 2893 linearum
958 2857 1180 2904 praenotatis
1206 2857 1356 2894 litteris.
