2012 3182
303 178 370 212 422
887 173 1037 209 GUIDO
1064 173 1277 216 ARETINO

301 272 510 326 magistro
540 268 793 325 discipulus,
821 283 902 310 nee
929 267 1168 324 discipulus
1201 268 1528 324 eondiscipulis:
1556 269 1673 311 unde
1705 269 1868 311 factum

239 382 244 386 .
303 349 380 395 est,
413 347 462 383 ut
493 355 579 382 non
612 341 699 381 iam
733 354 866 381 unum
898 345 975 381 aut
1007 339 1161 381 saltem
1193 354 1349 395 pauca,
1384 339 1460 380 sed
1493 345 1582 380 tam
1616 340 1750 381 multa
1783 341 1871 380 sint

302 413 626 468 antiphonaria,
652 426 782 467 quam
805 410 932 451 multi
959 417 1060 452 sunt
1094 425 1172 466 per
1200 410 1397 465 singulas
1425 410 1632 452 ecclesias
1655 411 1873 466 magistri,

303 484 520 539 vulgoque
554 483 641 523 iam
674 482 838 523 dicitur
865 481 1222 537 antiphonarium
1256 496 1341 522 non
1369 481 1586 536 Gregorii,
1614 481 1689 522 sed
1716 482 1873 522 Leonis

304 561 379 596 aut
411 554 599 608 Alberti,
633 559 709 594 aut
741 555 1053 608 cuiuscumque
1086 552 1289 606 alterius3
1323 567 1507 608 cumque
1539 567 1675 594 unum
1707 552 1873 593 discere

305 628 360 667 sit
384 625 512 666 valde
531 624 717 678 difficile,
738 624 790 665 de
813 623 961 664 multis
984 638 1069 664 non
1088 629 1152 664 est
1170 622 1366 676 dubium,
1386 624 1492 679 quin
1510 624 1567 664 sit
1590 622 1874 678 impossibile.

366 695 463 747 Qua
486 697 531 736 in
552 711 598 736 re
622 710 721 736 cum
748 710 827 751 pro
850 709 929 736 sua
953 696 1036 750 ipsi
1064 695 1291 736 voluntate
1317 694 1454 737 multa
1476 700 1756 749 commutent,
1785 701 1873 747 aut,

305 782 460 823 parum
493 773 569 808 aut
602 765 711 807 nihil
738 765 846 806 mihi
874 765 1096 821 indignari
1123 765 1297 820 debent,
1321 767 1357 807 si
1390 781 1416 806 a
1441 767 1658 807 communi
1690 781 1771 807 usu
1797 766 1876 807 vix

306 839 350 879 in
378 838 527 893 paucis
553 836 753 891 abscedo,
777 842 825 877 ut
853 836 908 877 ad
935 851 1207 878 communem
1230 838 1354 892 aritis
1377 837 1571 892 regulam
1600 837 1879 879 uniformiter

306 910 443 951 omnis
482 908 703 950 cantilena
740 914 949 950 recurrat.
988 907 1206 959 Quoniam
1239 924 1343 950 vcro
1376 909 1467 951 haec
1507 910 1653 950 onmia
1685 908 1800 950 mala
1841 908 1877 949 ἃ,

306 981 445 1021 inulta
478 979 566 1021 alia
604 994 753 1021 eorum
797 978 926 1035 culpa
966 981 1187 1032 eveniunt,
1227 981 1300 1035 qui
1344 980 1654 1036 antiphonaria
1695 979 1877 1030 faciunt,

308 1052 436 1093 valde
469 1066 621 1092 moneo
654 1051 690 1091 ἃ
723 1056 956 1104 contestor,
991 1066 1045 1092 ne
1078 1051 1237 1106 aliquis
1270 1052 1457 1107 amplius
1499 1057 1734 1107 praesumat
1765 1051 1880 1091 anti-

307 1122 567 1179 phonarium
600 1136 818 1174 neumare,
843 1122 926 1162 nisi
954 1123 1030 1177 qui
1059 1123 1299 1163 secundum
1324 1122 1543 1164 subiectas
1567 1121 1741 1177 regulas
1767 1121 1879 1162 bene

308 1200 449 1250 potest
481 1194 516 1234 ἃ
549 1194 664 1248 sapit
696 1193 834 1247 ipsam
867 1199 1005 1233 artem
1033 1193 1268 1248 perficere3
1297 1192 1494 1249 alioquin
1526 1193 1770 1234 certissime
1796 1193 1883 1232 erit

310 1265 516 1320 magister
556 1264 730 1316 erroris,
772 1264 1036 1319 quicumque
1070 1279 1155 1305 non
1199 1265 1319 1320 prius
1359 1265 1492 1306 fuerit
1529 1264 1768 1319 discipulus
1805 1277 1878 1304 ve·

308 1338 468 1377 ritatis.

370 1407 540 1449 Taliter
571 1406 733 1447 etenim
766 1406 859 1447 Deo
892 1405 1140 1446 auxiliante
1173 1405 1254 1446 1100
1287 1405 1600 1446 antifonarium
1633 1410 1784 1446 notare
1816 1404 1880 1445 di-

310 1480 470 1536 sposui,
504 1484 552 1519 ut
584 1493 661 1534 per
698 1492 795 1519 eum
829 1477 1009 1533 posthac
1043 1476 1199 1518 leviter
1233 1476 1393 1532 aliquis
1420 1483 1618 1518 sensatus
1650 1476 1686 1517 ἃ
1719 1475 1884 1517 studio·

311 1567 381 1593 sus
414 1556 591 1592 cantum
635 1549 799 1601 discat3
839 1557 874 1594 81
902 1555 1132 1604 postquam
1170 1554 1339 1604 partem
1383 1549 1474 1589 eius
1507 1563 1584 1603 per
1624 1547 1882 1601 magistrum

278 1615 284 1620 ⁴
311 1622 421 1664 bene
445 1621 714 1677 cognoverit,
738 1620 908 1675 reliqua
930 1635 1007 1676 per
1024 1634 1069 1661 se
1090 1620 1180 1660 sine
1199 1620 1408 1674 magistro
1430 1618 1733 1660 indubitanter
1752 1631 1882 1672 agno-

311 1694 405 1734 seit.
441 1693 507 1733 De
541 1706 624 1747 quo
659 1692 694 1732 si
734 1692 831 1746 quis
866 1705 933 1732 me
966 1691 1145 1732 mentiri
1178 1696 1317 1746 putat,
1354 1691 1515 1743 veniat,
1559 1689 1813 1744 experiatur
1845 1687 1885 1728 ἃ,

312 1764 474 1816 videat,
510 1763 624 1818 quod
659 1763 744 1804 tale
771 1763 852 1805 1100
878 1762 995 1818 apud
1029 1777 1106 1803 nos
1139 1761 1308 1818 pueruli
1338 1761 1520 1813 faciunt,
1555 1761 1628 1815 qui
1656 1774 1733 1815 pro
1769 1758 1884 1814 psal-

311 1849 478 1876 morum
512 1840 549 1878 81
577 1834 827 1890 vulgarium
860 1833 1106 1875 litterarum
1140 1833 1389 1887 ignorantia
1416 1846 1532 1873 saeva
1559 1831 1615 1872 ad
1643 1831 1722 1872 hoe
1750 1831 1884 1871 susci-

312 1907 439 1962 piunt
474 1906 661 1960 flagella,
686 1907 759 1961 qui
788 1919 900 1961 saepe
928 1909 964 1946 &
996 1905 1132 1960 ipsius
1156 1903 1420 1959 antiphonae,
1450 1916 1580 1958 quam
1614 1917 1690 1957 per
1723 1916 1766 1942 se
1789 1902 1886 1942 sine

312 1979 519 2033 magistro
541 1984 658 2018 recte
685 1983 864 2032 possunt
890 1982 1085 2028 cantare,
1114 1975 1251 2016 verba
1275 1981 1310 2018 Sc
1337 1973 1531 2029 syllabas
1559 1974 1761 2014 nesciunt
1788 1987 1885 2027 pro-

312 2049 539 2090 nuntiare:
576 2047 690 2104 quod
723 2062 820 2089 011111
848 2047 929 2088 Dei
957 2046 1175 2087 adiutorio
1203 2045 1358 2087 leviter
1385 2050 1584 2086 sensatus
1613 2049 1642 2086 86
1668 2043 1885 2085 studiosus

313 2121 470 2176 aliquis
497 2119 656 2175 poterit
689 2118 845 2171 facere,
881 2119 930 2174 si,
964 2133 1064 2159 cum
1088 2123 1251 2173 quanto
1279 2116 1423 2157 studio
1450 2129 1616 2156 neumae
1650 2114 1886 2169 disponan-

315 2199 399 2245 tur,
427 2197 550 2233 curet
583 2204 833 2245 agnoscere.

373 2263 444 2304 Ita
476 2263 612 2318 igitur
644 2261 935 2317 disponuntur
978 2274 1119 2313 voces,
1155 2265 1202 2300 ut
1235 2258 1537 2314 unusquisque
1573 2271 1716 2308 sonus,
1751 2270 1887 2311 quan-

317 2333 519 2376 tumlibet
552 2334 596 2374 in
629 2338 763 2374 cantu
795 2337 1034 2387 repetatur,
1070 2331 1116 2371 in
1148 2345 1234 2372 uno
1262 2344 1432 2385 semper
1460 2331 1495 2367 81
1528 2343 1604 2369 suo
1637 2327 1789 2369 ordine
1821 2327 1888 2367 in-

317 2405 534 2447 veniatur.
575 2404 693 2456 Quos
732 2403 920 2454 ordines,
963 2408 1011 2443 ut
1053 2400 1207 2443 melius
1248 2402 1384 2456 possis
1431 2400 1698 2451 discernere,
1740 2398 1888 2453 spissae

317 2476 539 2517 ducuntur
569 2475 707 2527 lineae,
735 2480 772 2517 ἅ
799 2474 976 2529 quidam
1004 2473 1178 2514 ordines
1204 2487 1362 2514 vocum
1394 2472 1438 2512 in
1466 2471 1572 2526 ipsis
1604 2469 1717 2511 fiunt
1745 2468 1887 2521 lineis,

318 2547 496 2604 quidam
522 2561 626 2588 vero
653 2547 767 2587 inter
790 2545 921 2598 linea,
945 2545 990 2585 in
1011 2544 1155 2586 medio
1178 2542 1410 2585 intervallo
1433 2549 1469 2586 ἁ.
1493 2542 1633 2597 spatio
1658 2541 1889 2582 linearum.

377 2618 732 2672 Quantieumque
755 2630 857 2670 ergo
884 2616 975 2656 soni
1007 2616 1052 2657 in
1075 2630 1163 2656 una
1191 2614 1308 2656 linea
1334 2613 1403 2655 vel
1423 2614 1469 2654 in
1491 2627 1576 2653 uno
1608 2612 1748 2668 spatio
1773 2617 1887 2663 sunt,

319 2703 468 2731 omnes
507 2687 710 2729 similiter
753 2692 925 2728 sonant.
958 2686 1021 2728 Ut
1053 2691 1203 2727 autem
1235 2685 1274 2723 &
1305 2683 1413 2725 illud
1445 2682 1676 2737 intelligas,
1717 2687 1893 2738 quantaev

319 2761 444 2801 lineae
471 2759 539 2801 vel
565 2759 707 2814 spatia
728 2772 864 2799 unum
889 2755 1056 2798 habent
1077 2771 1242 2809 sonum,
1267 2754 1532 2811 quibuslibet
1553 2754 1677 2795 lineis
1701 2753 1769 2794 vel
1791 2767 1892 2808 spa-

319 2831 392 2872 tiis
426 2829 627 2886 quaedam
657 2829 814 2871 litterae
840 2827 894 2869 de
927 2826 1219 2869 monochordo
1243 2826 1580 2882 praefigurantur
1605 2830 1735 2880 atque
1757 2823 1890 2865 etiam
