1996 3150
653 131 682 167 G
691 130 804 166 UIDO
830 130 1044 166 ARETINO
1566 127 1634 161 249

67 226 258 275 rendono
280 226 414 274 sicuri
432 226 474 273 16
490 225 827 274 testimonianze
854 225 1046 273 storiche
1072 224 1114 271 di
1139 224 1312 273 Ubaldo
1330 224 1412 284 (1),
1429 223 1474 270 (11
1493 221 1636 272 Guido

68 304 305 352 medesimo
340 305 420 364 (2),
443 318 465 351 e
497 303 543 351 di
564 304 669 352 altri
701 303 945 351 autorevoli
979 302 1262 363 compositori
1294 302 1339 349 di
1366 301 1541 349 trattati
1566 300 1637 348 sul

65 383 192 430 canto
214 382 366 442 pian03
395 382 510 429 dalle
537 381 657 442 quali
685 382 722 428 si
745 381 960 442 raccoglie
977 383 1174 441 appunto
1195 380 1636 439 chiarissirnamente,

34 460 145 507 ·che
177 460 219 507 le
251 461 353 507 note
385 474 578 507 avevano
613 474 699 506 una
731 460 888 506 durata
917 460 1212 519 temporanea,
1247 458 1468 519 ineguale‚
1504 472 1526 505 6
1558 458 1637 505 che

68 537 177 585 certi
226 537 376 585 neumi
415 552 469 585 ne
507 537 811 598 esprimevano
851 537 929 597 pisi
963 536 1009 583 in
1049 535 1194 583 antico
1227 536 1272 583 la
1310 535 1638 582 modificazione

71 620 209 670 (come
239 615 388 675 poscia
409 616 451 662 16
476 615 648 662 diverse
680 615 915 675 legatum),
939 630 964 662 a
990 614 1173 662 soconda
1204 613 1276 661 del
1308 626 1489 660 numero
1523 612 1637 660 delle

69 693 172 740 note
198 693 358 753 legate.
383 691 607 740 Gosiffatte
624 691 964 739 testimonianze
988 691 1060 752 poi
1086 692 1344 752 rimangono
1367 689 1642 738 convalidate

68 769 124 817 da
155 784 289 829 prove
320 769 400 817 che
431 770 721 816 chiameremo
754 768 798 815 (11
831 769 965 829 fatt03
993 771 1066 816 val
1097 770 1260 828 quanto
1294 769 1402 829 dire,
1436 768 1490 815 da
1512 768 1640 815 (10611-

70 847 209 894 menti
233 847 279 894 in
305 846 375 894 cui
398 847 411 892 i
441 847 570 908 segni
596 847 639 894 di
663 847 820 894 durata
841 861 945 894 sono
970 847 1147 894 distinti
1171 861 1249 894 con
1272 847 1390 894 nomi
1418 847 1510 894 loro
1537 859 1640 906 pro-

70 924 172 984 prii,
206 925 370 984 portati
399 926 519 972 nella
545 925 713 972 musica
744 925 959 972 misurata
990 925 1032 972 al
1065 939 1245 972 numero
1281 925 1325 971 di
1357 926 1437 983 tre,
1471 939 1493 972 e
1526 923 1641 971 indi-

70 1001 155 1049 cati
189 1003 262 1049 nel
296 1004 424 1050 canto
460 1002 590 1063 piano
614 1002 678 1050 coi
717 1003 835 1051 nomi
863 1002 908 1049 di
946 1001 1132 1064 strophe
1164 1004 1320 1049 carree
1351 1018 1372 1048 e
1404 1002 1589 1061 bsanye,
1619 1017 1641 1049 o

70 1078 326 1143 helmaym;
351 1080 416 1127 cio
443 1083 465 1127 6
491 1080 598 1139 dire⁷
622 1080 666 1126 di
690 1080 848 1141 Imma,
873 1080 917 1126 di
941 1079 1071 1126 breve
1092 1094 1114 1127 e
1137 1079 1182 1126 (11
1209 1079 1469 1126 semibrece.
1497 1079 1533 1125 E
1562 1093 1643 1139 per

70 1158 225 1216 quanti
258 1172 304 1205 se
331 1171 386 1205 ne
408 1159 668 1219 potrebbero
696 1158 831 1206 citare
858 1158 905 1204 in
931 1158 1170 1218 proposito,
1202 1157 1314 1205 basti
1336 1157 1481 1218 primo
1514 1157 1547 1205 11
1575 1171 1643 1204 ca-

70 1233 207 1293 pitolo
232 1236 289 1282 85
323 1235 394 1282 (161
428 1237 626 1283 Trattato
658 1236 729 1283 del
761 1236 901 1283 secolo
938 1236 1031 1283 XI:
1059 1236 1126 1282 De
1153 1235 1333 1281 musica
1369 1235 1566 1297 antiqua
1603 1238 1644 1279 et

70 1326 205 1370 nova,
239 1314 474 1361 contenuto
507 1313 553 1360 in
580 1329 640 1361 un
663 1314 806 1361 codice
839 1313 1068 1361 Cassinese
1100 1314 1176 1360 nel
1206 1314 1336 1373 quale
1368 1312 1567 1360 trovansi
1601 1312 1641 1359 le

70 1389 154 1436 (1116
184 1389 534 1438 denominazioni
567 1391 611 1437 di
640 1390 1013 1453 percussionales
1041 1390 1198 1451 Zetnya,
1227 1405 1249 1438 6
1271 1388 1644 1452 percussionales

70 1467 235 1527 brevia,
268 1482 291 1516 6
322 1469 365 1516 16
391 1470 540 1529 regole
567 1469 875 1529 corrispettive
897 1469 944 1515 in
971 1483 1032 1515 un
1059 1468 1319 1528 precedente
1347 1481 1451 1527 capo
1478 1466 1523 1512 di
1560 1481 1643 1513 nu-

71 1558 190 1591 mero
221 1546 274 1591 41
312 1547 392 1605 (3).
425 1547 480 1593 Ι11
513 1546 695 1594 secondo
728 1547 860 1607 luogo
893 1546 1025 1606 valga
1058 1546 1086 1592 Γ
1101 1559 1231 1605 opera
1264 1544 1334 1592 del
1367 1558 1546 1592 monaco
1570 1544 1642 1590 in-

126 1743 187 1796 (1)
226 1746 331 1792 Quid
360 1750 417 1785 est
445 1758 650 1784 numerose
680 1745 843 1784 canere?
876 1745 929 1784 Ut
958 1746 1186 1784 attendatur
1215 1745 1284 1783 ubi
1316 1742 1644 1794 productioribus,

74 1812 144 1850 ubi
182 1812 424 1851 brevioribus
457 1812 619 1850 morulis
664 1811 884 1849 untendum
918 1811 981 1849 sit.
1015 1810 1218 1856 Quatenus
1254 1810 1314 1848 uti
1344 1822 1445 1859 quae
1484 1808 1645 1846 sill-abae

71 1878 220 1925 breves,
250 1891 350 1928 quae
370 1880 461 1917 sunt
480 1879 631 1928 longae,
664 1877 897 1916 attenditur:
919 1877 1052 1928 itaque
1074 1877 1159 1915 soni
1179 1875 1358 1926 producti
1389 1875 1535 1925 quique
1564 1886 1646 1912 cor-

71 1944 175 1993 repti
195 1956 274 1982 esse
293 1944 470 1990 debeant,
501 1947 549 1982 ut
578 1957 634 1990 ea,
655 1956 757 1993 quae
785 1943 868 1990 diu,
889 1943 939 1981 ad
960 1956 1015 1990 ea,
1038 1956 1136 1993 quae
1156 1955 1233 1980 non
1253 1942 1332 1988 diu,
1353 1942 1528 1992 legitime
1557 1953 1648 1978 con-

71 2012 246 2056 currant,
285 2011 325 2047 et-
356 2010 479 2048 veluti
512 2009 684 2048 metricis
722 2009 884 2059 pedibus
920 2010 1113 2048 cantilena
1151 2008 1380 2058 plaudatur.
1418 2007 1479 2045 Sic
1516 2007 1647 2056 itaque

71 2088 274 2114 numerose
289 2078 347 2114 est
366 2088 514 2121 canere,
535 2075 662 2126 longis
682 2075 944 2125 brevibusque
963 2075 1066 2121 sonis
1091 2077 1197 2113 ratas
1223 2073 1395 2112 morulas
1415 2072 1557 2118 metiri,
1578 2084 1648 2109 neo

71 2154 141 2190 per
160 2142 244 2179 loca
264 2143 491 2192 protrahere
511 2143 586 2193 vel,
603 2143 831 2181 contrahere
858 2143 1106 2192 magisquam
1136 2138 1303 2190 oportet,
1325 2140 1392 2178 sed
1411 2139 1514 2177 infra
1540 2150 1648 2176 scan-

73 2207 188 2245 dendi
215 2208 340 2259 legem
372 2221 505 2247 vocem
545 2208 744 2247 continere
773 2211 820 2246 ut
848 2208 971 2257 possit
999 2208 1146 2246 melum
1175 2220 1219 2245 ea
1256 2206 1359 2244 finiri
1389 2218 1467 2255 qua-
1506 2205 1649 2254 c'oepit-

126 2270 334 2324 (HUCBALD
364 2275 467 2324 apud
499 2274 629 2321 Gerb.‚
672 2276 816 2323 Seript.
836 2275 878 2312 Τ.
909 2274 942 2322 Ι,
969 2287 1059 2325 pag.
1083 2271 1163 2323 18).

127 2337 188 2389 (2)
217 2338 418 2384 Quomodo
441 2344 572 2378 autem
591 2340 810 2389 liquescant
839 2352 964 2386 voces,
985 2342 1024 2378 et
1053 2353 1103 2378 an
1125 2339 1380 2378 adhaerentes
1402 2337 1462 2376 vel
1484 2337 1647 2374 discrete

73 2408 222 2443 sonent.
252 2404 420 2451 Quaeve,
447 2406 527 2444 sint
547 2417 720 2445 morosae
749 2408 787 2443 et
814 2406 1006 2444 tremulae
1036 2407 1075 2443 et
1096 2405 1333 2449 subitaneae,
1354 2404 1417 2442 vel
1438 2401 1644 2452 quomodo,

74 2471 266 2510 cantilena
285 2471 605 2511 distinctionibus
633 2472 845 2520 dividatur,
868 2475 906 2511 et
926 2486 974 2512 an
996 2485 1070 2510 vox
1090 2484 1257 2522 sequens
1286 2472 1334 2509 ad
1353 2470 1646 2521 praecedentem

73 2536 241 2585 gravior,
270 2538 333 2576 vel
361 2539 525 2585 acutior,
559 2539 620 2576 vel
648 2540 860 2588 aequisona
888 2539 952 2580 sit.
985 2539 1098 2577 facile
1136 2538 1331 2588 colloquio
1361 2538 1400 2574 in
1433 2538 1517 2586 ipsa
1553 2549 1647 2574 neu-

76 2614 229 2640 marum
258 2604 384 2654 figura
417 2606 672 2651 monstratur,
711 2605 744 2643 si
774 2607 821 2643 ut
849 2605 1006 2652 debent,
1035 2618 1080 2642 ex
1109 2603 1305 2642 industria
1345 2603 1644 2651 componantur.

129 2663 261 2717 (Gen).
289 2670 427 2718 Amor„
457 2671 613 2709 Μῶν-οῖ.
641 2671 744 2709 Vedi
771 2670 904 2720 App.).

131 2730 191 2783 (3)
218 2734 309 2782 Vos,
339 2739 526 2785 cantores,
547 2737 616 2786 qui
636 2737 757 2775 vultis
786 2737 881 2774 scire
910 2738 993 2775 vias
1022 2749 1256 2774 neumarum
1295 2736 1334 2772 et
1367 2733 1488 2771 vultis
1517 2733 1648 2782 inqui-

78 2812 162 2837 rere
191 2802 316 2838 artem
343 2803 594 2848 musicorum,
615 2802 781 2842 videatis
810 2803 1005 2852 quomodo
1027 2801 1254 2840 dividantur
1275 2812 1507 2838 neumarum
1535 2799 1647 2836 chor-
