1996 3150
741 147 890 184 ‹}U1D0
918 149 1128 185 ARETINO
1657 156 1719 188 451

203 238 278 276 Hic
308 240 519 278 notandum
539 248 596 280 est
628 243 731 292 quod
764 246 902 284 tertius
931 247 1069 285 modus
1098 249 1237 287 maluit
1266 252 1398 289 contra
1427 264 1579 290 omnem
1607 263 1719 289 usum

150 305 188 339 et
215 306 391 354 regulam
422 307 588 356 incipere
626 320 735 347 suam
774 310 1032 350 differentiam
1060 314 1100 350 in
1129 316 1322 364 superiori
1351 319 1456 355 sexta
1486 331 1507 355 a
1535 329 1605 355 suo
1636 317 1721 363 fine,

148 381 265 417 quam
296 371 336 408 in
364 373 511 420 quinta,
541 374 636 422 quia
665 387 739 413 vox
769 377 934 415 secunda
962 392 1039 427 que
1068 392 1184 430 super
1213 382 1296 431 ejus
1334 383 1447 421 finem
1487 385 1544 422 est
1573 385 1721 433 quinta,

148 436 328 483 quamvis
358 437 430 486 ipsi
460 438 527 476 fini
556 440 677 488 possit
714 443 927 490 convenire,
958 444 1202 483 discordabat
1240 449 1369 485 tamen
1399 462 1422 486 a
1449 451 1566 495 sexta,
1597 463 1619 486 a
1649 449 1722 486 fine

148 499 266 548 hujus
286 502 382 546 toni,
405 515 479 551 que
499 506 556 541 est
576 505 750 552 proxima
769 507 854 544 voci
874 509 1056 547 secunde:
1085 512 1260 549 consulte
1289 513 1411 561 igitur
1440 525 1556 563 agens
1585 514 1722 551 modus

147 566 285 603 tertius
311 567 453 616 abjecit
471 571 711 608 sororculam
732 554 755 609 ἓ
775 585 820 609 ne
841 573 1007 612 vicinam
1027 576 1224 615 amitteret
1251 582 1288 615 C'.
1310 577 1383 615 Hic
1398 582 1559 628 apparet
1578 580 1721 617 nullius

147 642 226 669 esse
246 632 352 669 modi
372 633 479 671 illam
507 647 639 672 vocem
658 637 692 683 b,
716 651 830 686 quam
852 639 1010 687 quidam
1031 641 1220 679 adderunt
1240 642 1279 679 in
1300 644 1546 681 monocordo.
1569 644 1670 681 Nam
1691 645 1721 682 si

147 696 213 734 illa
242 698 474 747 regulariter
504 699 723 748 adderetur,
756 704 891 742 modus
915 705 1051 743 tertius
1071 706 1168 745 hanc
1189 709 1390 757 penuriam
1411 721 1487 747 non
1508 712 1719 758 pateretur.

687 833 742 851 ESP
748 833 828 852 LlCl'l'
849 834 968 853 DEI'TER
975 835 1010 854 CS
1030 837 1046 854 A
1052 836 1190 855 CTHENTI

717 1015 1015 1055 CAPITULUM
1048 1019 1082 1055 V
1110 1018 1171 1070 (1)

610 1129 807 1156 DEUTERUS
842 1131 974 1157 PLAGIS
1004 1133 1092 1158 EJUS
1123 1133 1266 1159 INCIPIT

199 1240 390 1277 Deuterus
419 1242 648 1290 perstrictus
669 1243 707 1280 in
728 1242 856 1292 quinis
878 1243 1055 1282 formulis
1084 1245 1246 1283 subinde
1276 1248 1430 1285 texatur
1459 1247 1581 1297 ipsius
1611 1251 1725 1301 plaga

146 1319 220 1355 que
262 1307 454 1356 quondam
506 1308 608 1357 apud
648 1309 836 1357 quosdam
879 1311 1050 1357 novenis,
1091 1312 1438 1350 constitutionibus
1482 1313 1725 1353 habitudines

145 1385 304 1412 suorum
333 1375 562 1413 instituerat
591 1376 793 1414 melorum.
823 1377 936 1415 Nunc
966 1380 1096 1416 autem
1125 1379 1331 1417 abstractis
1359 1380 1500 1428 tribus,
1521 1394 1593 1430 que
1623 1384 1724 1431 proti

145 1443 183 1478 et
220 1441 386 1479 tetrardi
414 1443 536 1488 erant,
573 1442 778 1491 applicitas
816 1443 891 1481 sibi
931 1443 1109 1482 sufficere
1154 1448 1315 1493 possunt
1357 1458 1486 1495 senas;
1531 1447 1724 1486 detractas

145 1508 273 1544 autem
303 1507 471 1556 propriis
512 1508 683 1545 autentis
721 1508 920 1546 reddimus
950 1522 1027 1558 quo
1058 1510 1189 1548 iuncta
1228 1513 1305 1549 suis
1344 1513 1479 1550 melius
1518 1514 1722 1552 concinant

145 1573 267 1610 melis.
309 1573 534 1611 Differentie
579 1573 728 1612 deuteri
771 1575 884 1624 plage
923 1576 1077 1624 proprie
1107 1579 1199 1614 sunt
1237 1590 1292 1623 ea,
1331 1591 1406 1627 que
1443 1579 1585 1617 habent
1624 1580 1724 1617 anti-

150 1640 308 1687 phonas.

147 1747 334 1797 Vigilate.
965 1749 1108 1788 Omnes
1137 1753 1267 1789 autem
1298 1763 1364 1789 vos
1394 1751 1544 1789 fratres.

146 1811 305 1852 Rubfim
336 1826 451 1862 quem
480 1813 645 1852 viderat.
964 1816 1122 1866 Reliqui
1150 1819 1294 1855 autem.

146 1881 170 1919 J
177 1882 254 1919 usti
282 1883 417 1919 autem
964 1883 1068 1921 Ante
1096 1896 1157 1921 me
1187 1896 1264 1921 non
1295 1886 1362 1921 est.

148 1947 310 1985 Fidelia.
966 1948 1176 1987 Benedicta
1204 1951 1258 1989 tu.

147 2011 265 2061 Syon.
965 2013 1060 2051 Post
1088 2015 1256 2062 partum.

201 2119 467 2158 Predictorum
497 2122 591 2158 sunt
619 2121 864 2158 autentuum.

330 2203 524 2241 Deuterus
556 2203 597 2240 in
626 2202 752 2253 quinis
782 2204 965 2241 subactus
995 2216 1165 2254 congrue
1195 2203 1290 2253 piris

331 2268 458 2317 Ipsius
487 2268 705 2306 adstrictim
737 2271 921 2307 curratur
949 2269 1083 2307 ordine
1114 2269 1246 2319 plagin

334 2333 416 2379 Que
444 2334 640 2383 quondam
668 2334 805 2372 lembis
833 2336 971 2372 cantus
1000 2334 1146 2372 fulcare
1176 2336 1334 2373 novenis

333 2399 549 2437 Immensus
577 2400 738 2449 pelagus
766 2400 878 2437 multi
909 2412 1060 2449 quoque
1088 2400 1186 2438 ciere
1214 2401 1347 2439 motus

337 2464 497 2503 Consint
525 2466 563 2503 in
592 2465 692 2503 senis
720 2465 896 2515 graditer
922 2465 1058 2503 inclita
1086 2465 1212 2503 tribus
1241 2465 1404 2515 adeptis.

144 2572 926 2648 {ssss—--ss-..Lffl-ffss
974 2609 1001 2630 ι
1046 2571 1728 2653 ι-Ψῖ-ῖέῑζ-ῖ-ΞΕΞΞ

337 2684 484 2730 Quarta
701 2684 837 2734 vigilia
1059 2685 1161 2723 venit
1466 2684 1512 2720 ad
1648 2695 1726 2723 eos.

215 2819 270 2866 (1)
295 2819 340 2853 In
366 2820 554 2855 Caussem.
582 2821 642 2863 VI,
670 2831 735 2864 per
762 2820 797 2853 la
825 2819 978 2864 ragione
1005 2819 1074 2854 che
1101 2830 1224 2864 sopra.
