2012 3182
282 158 353 193 350
873 151 1022 187 GUIDO
1049 150 1264 186 ARETINO

956 339 1175 378 FIRENZE

280 456 534 495 Biblioteca
547 454 865 492 Riccardiana.
881 473 930 479 —-—
945 453 1036 491 (1οᾶ.
1055 454 1095 491 L.
1116 454 1165 492 Π.
1186 454 1342 492 Iv-652
1364 457 1504 493 cartae.
1521 454 1601 492 See.
1623 468 1794 494 xm-xw.
1810 454 1849 492 Si

364 532 548 569 compone
557 518 594 556 di
605 520 710 556 carte
724 518 970 557 112.Misura
981 520 1146 561 0.210><
1156 519 1283 558 0.142.
1295 520 1345 557 Di
1354 522 1490 569 questo
1505 520 1634 558 codiee
1646 521 1671 558 il
1681 521 1850 559 francese

364 584 408 623 G.
426 585 598 622 Adriano
620 584 676 621 De
690 584 744 620 La
764 583 869 632 Fage
889 584 1055 633 compilo
1078 584 1116 622 di
1132 597 1202 622 sua
1215 597 1328 623 mano
1349 584 1508 623 l'indice
1529 586 1768 635 seguentein
1788 585 1851 622 Fi-

366 662 485 694 renze,
500 649 562 686 nel
578 648 692 694 1850;
706 662 768 686 ma
780 648 900 686 omise
915 648 1240 687 l'enumerazione
1253 650 1351 688 delle
1367 651 1507 701 pagine
1520 651 1620 689 fatte.
1631 651 1679 688 da
1692 650 1758 688 noi
1768 651 1850 688 sino

363 715 410 753 ad
425 729 476 752 un
497 715 600 752 certo
619 715 753 763 punto,
774 714 852 752 eioe
872 714 949 752 alla
970 715 1079 752 9O.¹¹¹a
1101 728 1191 764 pag.
1217 716 1251 752 1.
1274 716 1476 764 Dialogus
1491 716 1539 753 de
1555 717 1714 754 musica
1730 726 1849 765 quem

363 781 559 817 terminat
573 780 720 827 spuria
735 779 916 816 musicae
930 780 1084 828 imayo.
1105 800 1120 806 -
1143 780 1179 818 2.
1194 781 1423 829 Rhythmus
1442 782 1487 817 in
1502 792 1581 830 quo
1604 781 1763 818 musica
1781 792 1848 819 en-

362 846 651 883 comiaturseu
663 850 813 883 cantus
827 845 1084 883 Philomelae.
1095 867 1111 872 -
1126 846 1161 883 3.
1181 846 1382 884 Gnidonis
1393 847 1579 884 Arretini
1588 847 1852 894 Microloyus‚

368 912 470 948 idest
491 911 627 964 brevis
640 922 776 962 sermo
796 911 844 948 de
865 911 1038 948 musica.
1061 931 1075 937 -
1096 912 1133 948 4.
1155 912 1386 959 Rhythmus
1406 911 1585 949 eiusdem
1608 911 1819 949 Guidonis.
1840 931 1857 938 -

366 978 404 1015 5.
426 977 614 1014 Eiusdem
634 978 827 1014 earmina
857 977 905 1013 de
934 977 1078 1022 modis,
1109 981 1145 1013 et
1174 979 1477 1024 Fraymentum
1500 977 1547 1014 cle
1566 976 1856 1014 instrumentis

368 1048 404 1080 et
433 1043 562 1079 modis
593 1042 788 1079 musicae.
815 1062 832 1068 -
852 1041 887 1079 6.
927 1042 1102 1079 Oddonis
1133 1041 1327 1090 dialogus
1358 1043 1406 1079 de
1436 1042 1608 1089 musica,
1639 1042 1706 1079 cui
1733 1052 1856 1090 prae-

366 1109 493 1145 missa
507 1113 604 1145 sunt
615 1107 808 1144 carmina
828 1107 989 1144 Guidon
998 1108 1030 1144 is
1045 1108 1058 1154 (
1071 1108 1260 1144 Gliscuns
1275 1108 1400 1144 corda
1414 1107 1515 1144 meis
1527 1106 1613 1153 etc.)
1627 1107 1855 1156 insequitur

366 1175 656 1221 fraymentum
695 1172 744 1209 de
785 1183 959 1209 numero
999 1173 1264 1209 chordarum.
1294 1192 1310 1198 -
1339 1172 1373 1210 7.
1414 1173 1613 1209 Guidonis
1656 1171 1721 1222 (ut
1749 1173 1855 1210 vide-

366 1238 455 1285 tur)
485 1239 583 1275 liber
613 1238 681 1274 cui
710 1239 868 1274 titulus:
899 1239 1118 1275 Formulae
1148 1243 1352 1276 tonorum.
1391 1257 1408 1263 -
1444 1239 1478 1275 8.
1520 1239 1637 1275 Dicta
1676 1239 1853 1276 eiusdem

369 1305 572 1342 Guidonis
593 1304 813 1351 (Pr-oloyus
842 1301 1126 1353 rhythmicus).
1157 1325 1172 1331 -
1204 1304 1238 1341 9.
1270 1304 1460 1341 Eiusdem
1489 1305 1675 1351 capitula
1705 1304 1761 1341 ad
1782 1305 1855 1340 Mi—

366 1371 547 1407 chaelem
578 1369 830 1406 monachum
860 1369 1202 1417 Pomposianum.
1234 1390 1249 1396 -
1280 1370 1340 1406 10.
1372 1372 1424 1406 De
1456 1369 1615 1406 Musica
1643 1380 1696 1406 ea>
1726 1369 1856 1407 Boetii

366 1436 569 1483 operibus.
595 1455 609 1460 -
633 1433 694 1471 11.
721 1435 826 1474 Quid
844 1435 894 1471 sit
913 1434 1074 1471 musica
1101 1439 1137 1470 et
1162 1434 1210 1471 cle
1231 1434 1398 1471 nomine
1419 1435 1518 1480 eius,
1541 1445 1593 1470 ca}
1614 1435 1714 1470 libro
1738 1435 1855 1482 Ethy-

368 1501 661 1548 mologyiarum.
702 1519 718 1527 -
759 1499 818 1536 12.
848 1499 1042 1536 Anonimi
1071 1504 1277 1536 trac-tatus
1307 1500 1356 1537 de
1385 1499 1504 1536 tonis.
1532 1519 1548 1526 -
1585 1499 1643 1536 13.
1680 1499 1858 1537 Oddonis

368 1566 523 1603 abbatis
561 1565 808 1602 Clnne'censis
838 1565 1066 1609 tonarium,
1097 1565 1179 1601 sive
1207 1565 1418 1611 formulae
1447 1569 1656 1601 tonorum.
1677 1584 1693 1590 -
1721 1563 1781 1601 14.
1805 1567 1858 1602 De

366 1630 642 1668 consonantia
660 1631 857 1677 musicae,
875 1630 1087 1678 scriptoris
1104 1630 1295 1667 anonimi
1311 1630 1562 1667 exercitatio.
1584 1650 1600 1657 -
1615 1630 1675 1667 15.
1690 1630 1859 1668 Notkeri

370 1695 533 1734 Balbuli
563 1696 734 1743 epistola
755 1701 790 1733 et
820 1696 1061 1733 liberculum
1092 1696 1140 1733 de
1169 1696 1342 1733 musica.

423 1761 500 1798 All'
517 1761 642 1798 indice
671 1760 823 1798 riferito
855 1761 1135 1811 aggiungiamo
1157 1761 1192 1797 le
1212 1760 1391 1810 seguenti
1420 1762 1549 1799 nostre
1581 1759 1855 1799 osservazioni:

369 1827 401 1864 Il
431 1841 469 1865 n.
505 1829 522 1864 1
555 1826 764 1864 comincia:
799 1827 1011 1874 Diapason
1041 1827 1144 1875 quid
1163 1831 1232 1864 est.
1255 1827 1469 1874 Diapason
1490 1832 1546 1864 est
1573 1827 1738 1876 quilibet
1768 1822 1857 1876 (sic)

373 1905 454 1930 vox
482 1894 629 1940 gyravis
659 1903 766 1941 quae
796 1897 920 1929 acuta
950 1902 1151 1929 resonans
1180 1903 1276 1938 θεας
1309 1893 1495 1930 termina:
1526 1898 1649 1942 atque
1677 1892 1860 1941 Syllaba-

370 1969 468 1995 rum
495 1958 715 2005 disjunyit.
747 1956 888 2001 Questo
919 1957 1074 2007 dialogo
1105 1961 1124 1995 e
1153 1970 1351 2007 compl-eso
1390 1959 1489 1995 nelle
1527 1958 1651 2007 prime
1687 1958 1763 1995 due
1791 1970 1858 2006 pa-

369 2024 484 2074 gine:
514 2023 552 2060 la
582 2023 625 2060 3²
644 2023 694 2060 ha
713 2036 790 2060 una
811 2022 938 2072 figura
955 2023 1097 2072 grafi'ca
1117 2024 1413 2072 pessimamente
1433 2023 1546 2060 fatta.
1570 2022 1638 2060 Sta
1658 2022 1808 2069 sedum,
1840 2035 1859 2060 e

370 2090 484 2138 porta
514 2088 616 2126 nella
632 2087 776 2126 ‘destra
804 2100 918 2124 mano
940 2101 1021 2124 una
1041 2088 1166 2137 specie
1187 2088 1226 2125 di
1246 2088 1400 2136 palma3
1420 2088 1521 2125 nella
1540 2088 1708 2134 sinistra,
1731 2088 1860 2126 levata

371 2156 409 2193 in
430 2155 524 2201 alto,
546 2167 729 2204 son-egge
749 2166 803 2192 un
824 2154 981 2204 cartello
1012 2155 1075 2191 nel
1105 2154 1218 2203 quale
1242 2157 1260 2191 e
1281 2153 1435 2192 scritto:
1469 2153 1638 2190 Musica.
1670 2152 1794 2202 Sopra
1822 2153 1861 2190 la

370 2221 496 2270 figura
525 2219 695 2270 leggesi:
726 2222 835 2256 Haec
864 2224 988 2256 terret
1015 2219 1170 2267 flentes,
1191 2224 1236 2256 ut
1262 2219 1426 2256 discant
1457 2218 1569 2255 mira
1597 2218 1775 2255 clientes.
1796 2216 1859 2255 In-

370 2288 484 2323 torno
514 2285 590 2322 alla
636 2284 846 2322 medesima
887 2295 981 2322 sono
1026 2284 1153 2322 scritti
1193 2284 1336 2321 diversi
1373 2283 1501 2332 motti.
1542 2282 1723 2333 Seguono
1762 2283 1860 2321 altre

373 2351 515 2399 pagine
543 2349 706 2387 bianche
735 2349 782 2386 ed
810 2350 943 2387 aventi
973 2350 1053 2387 solo
1084 2349 1147 2386 nei
1168 2350 1337 2400 margini
1369 2350 1466 2387 altre
1496 2350 1669 2386 senten-ie
1691 2361 1712 2386 o
1733 2349 1860 2387 motti.

373 2415 487 2452 Nella
517 2415 700 2452 sommita
730 2414 831 2451 della
861 2414 1005 2464 pagina
1033 2411 1089 2461 4²,
1119 2414 1278 2460 trovaffi,
1309 2414 1357 2452 ad
1387 2426 1462 2452 es.:
1492 2414 1662 2452 Domine
1682 2414 1794 2451 doleo
1814 2414 1862 2450 de

374 2481 527 2517 nostris
571 2480 819 2523 cantoribus,
849 2480 951 2528 quia
980 2480 1015 2517 si
1056 2486 1221 2518 centum
1255 2480 1381 2517 annis
1423 2481 1468 2516 in
1508 2479 1688 2516 canendi
1726 2479 1861 2516 studio

368 2549 644 2594 perseverent,
677 2555 900 2593 nunquam
928 2555 1003 2592 per
1031 2556 1071 2582 se
1101 2545 1326 2582 minimam
1356 2545 1495 2582 valent
1521 2546 1715 2592 proferre
1755 2544 1862 2580 anti-

372 2611 590 2658 phonam;
618 2610 790 2646 lamento
822 2609 890 2647 che
919 2609 1073 2646 sembra
1101 2610 1201 2647 tolto
1231 2609 1280 2646 da
1311 2608 1440 2648 Gnido
1470 2609 1620 2647 istesso.
1650 2608 1726 2645 Nei
1759 2621 1862 2646 mar-

375 2675 459 2725 gini
487 2675 552 2724 poi
581 2674 820 2712 dell’istessa
849 2674 994 2724 pagina
1022 2676 1198 2714 trovasi:
1230 2676 1402 2712 Domine
1429 2679 1466 2712 te
1495 2686 1595 2722 royo
1629 2674 1738 2711 dona
1759 2674 1862 2711 milii

375 2741 556 2777 musicae
586 2743 775 2776 Donum:
805 2753 845 2777 e:
886 2742 932 2776 Ut
959 2751 1066 2789 quae
1095 2746 1202 2778 recte
1230 2741 1320 2777 dico
1348 2740 1510 2777 discant
1545 2740 1669 2787 pueri
1705 2739 1796 2776 cito.
1828 2738 1862 2776 Il

375 2817 412 2842 n.
435 2805 458 2842 2
481 2805 726 2853 (Rhymmus
755 2805 800 2855 in
830 2816 910 2854 quo
940 2805 1202 2842 encomiatw·
1231 2802 1325 2855 ece.)
1355 2808 1374 2843 e
1405 2816 1603 2854 eompreso
1633 2804 1673 2841 in
1701 2804 1860 2853 quattro
