1996 3150
695 242 844 278 GUIDO
869 242 1082 279 ARETINO
1600 243 1670 279 405

170 338 385 390 Quamvis
417 345 561 385 autem
596 341 778 396 quisque
809 346 986 382 cantum
1019 347 1222 396 personet
1253 342 1515 395 memoriter,

169 408 216 451 Si
247 425 333 452 non
366 417 542 452 cunctos
572 412 664 452 eius
696 418 836 453 motus
868 411 938 453 vel
970 427 1094 464 sonos
1126 413 1387 467 memoriter,

169 481 255 533 Qui
288 484 325 522 ἃ
357 482 504 538 quales
536 483 636 535 sint,
669 483 893 538 persentit,
927 482 989 524 nil
1023 498 1067 524 se
1100 483 1217 524 dicat
1249 498 1414 539 sapere.

230 553 453 595 Hactenus
486 554 668 595 latentes
700 569 845 595 musas
878 555 923 595 in
955 554 1096 595 lucem
1128 554 1427 610 produximus,

169 625 228 665 Et
258 624 477 666 benevolis
509 630 763 680 praestantes
798 625 969 666 invidos
999 625 1271 683 offendimus,

168 696 238 737 Ad
271 695 478 737 honorem
510 696 667 736 summi
702 696 798 749 Dei,
832 711 909 751 per
941 710 1071 751 quem
1104 711 1264 750 sunmS,
1298 698 1503 751 vivimus,

168 767 539 809 Constitutionuin
571 767 731 808 formas
763 767 958 808 breviter
990 769 1200 823 aperiam.

168 837 428 893 Aliquorum
462 839 522 878 sic
553 853 757 879 sonorum
790 840 1042 880 nominatur
1075 839 1241 895 copula,

165 909 278 952 Cum
311 911 498 951 intensio
532 916 595 951 est
627 909 729 964 sola,
764 910 833 951 vel
866 916 1017 952 contra
1050 912 1260 963 remissio,

165 981 233 1022 De
267 979 434 1022 duobus·
466 982 549 1022 erit
581 982 695 1022 sonis
728 982 872 1037 prima
904 982 1169 1039 constitutio,

164 1052 223 1093 Et
255 1052 445 1094 secunda
478 1052 533 1093 sit
565 1052 617 1093 de
650 1042 802 1106 tribus,
837 1053 966 1094 tertia
999 1053 1051 1093 cle
1084 1060 1285 1108 quatuor.

164 1123 332 1176 Quarta
363 1139 464 1165 vero
497 1125 553 1164 sit
583 1123 636 1164 de
669 1125 822 1179 quinta
855 1123 1035 1165 vocibus
1068 1124 1349 1180 quibuslibet,
1435 1180 1439 1184 .

165 1195 361 1246 Quarum
392 1185 708 1250 prima'exstat
740 1193 941 1250 simplex,
977 1194 1228 1250 duplicatur
1260 1195 1411 1237 altera.

163 1267 314 1307 Tertia
346 1266 580 1306 varietates
613 1272 800 1322 quatuor
833 1265 1094 1307 inclamitat.

161 1337 330 1389 Quarta
363 1327 457 1378 octo
490 1343 614 1378 sonat
646 1337 787 1378 modis
821 1337 1023 1393 diapente
1057 1339 1269 1379 consonis.

129 1442 134 1448 .
162 1410 251 1452 Uni
284 1410 583 1451 constitutioni
616 1408 803 1450 modulis
836 1409 881 1450 in
914 1408 1128 1463 omnibus,

160 1482 261 1522 Vox
294 1483 328 1522 si
362 1497 449 1522 una
480 1481 757 1536 adiungatur,
791 1481 909 1522 modi
942 1480 1054 1522 fiunt
1085 1481 1280 1523 totidem.

163 1552 308 1594 Tollas
341 1567 464 1594 sonos
497 1553 532 1593 si
566 1552 789 1604 secundos,
824 1567 973 1593 rursus
1005 1551 1112 1593 ficut
1147 1552 1341 1594 totidem.

161 1623 423 1666 Constitutio
456 1625 519 1664 sic
551 1624 689 1664 omnis
722 1624 916 1664 nascitur
949 1638 1004 1664 ex
1037 1623 1187 1665 altera.

160 1695 273 1736 Nam
306 1701 343 1738 ἃ
376 1695 513 1750 prima
549 1694 623 1754 (lat
655 1695 903 1747 secundam,
938 1696 976 1734 ἃ
1007 1695 1198 1737 secunda
1232 1697 1419 1749 tertiam,

137 1766 357 1808 <Tertiam
388 1767 494 1807 facit
527 1774 756 1822 quartam3
789 1765 878 1807 haec
912 1772 960 1807 ut
992 1773 1206 1808 monstrat
1238 1769 1401 1823 pagina
1424 1769 1503 1823 (1).

455 2002 473 2025 c
522 2002 539 2025 c
601 1991 624 2024 d
661 2002 679 2026 c
753 2003 775 2025 α
825 2002 842 2026 c
891 1993 904 2037 ξ
955 2002 973 2026 c
998 2003 1022 2026 a
1076 1992 1107 2026 G
1158 1993 1197 2026 F
1243 1993 1312 2028 GG

149 2053 202 2096 (l)
232 2051 402 2085 ADMONT.
434 2051 555 2085 Victor
589 2050 788 2085 ascendens
815 2051 920 2086 coelos
946 2051 1042 2086 unde
1068 2052 1313 2088 descenderat.
1338 2053 1436 2089 Ecce
1462 2057 1506 2089 ut
1530 2055 1578 2090 F.
1615 2055 1663 2088 ad

103 2112 145 2146 G.
171 2112 210 2150 &
235 2124 269 2146 a.
296 2111 334 2145 in
360 2110 436 2146 fine
460 2110 711 2156 subsequitur.
739 2111 842 2146 Idem
867 2111 906 2145 in
933 2109 1075 2168 plag-{ili
1114 2113 1204 2149 trito
1241 2113 1410 2150 invenies
1436 2119 1659 2161 usurpatum

99 2171 284 2215 videlicet,
310 2175 353 2207 ut
378 2172 425 2206 ad
452 2183 481 2215 c,
507 2172 545 2210 &
572 2171 603 2205 (l.
632 2171 688 2206 ita
714 2172 734 2206 b
759 2172 1010 2218 subsequatur
1035 2172 1134 2209 sicut
1161 2175 1207 2209 ad
1239 2176 1280 2210 G.
1301 2175 1339 2215 ἃ
1359 2187 1392 2210 α.
1419 2175 1662 2222 subsequitur

98 2234 145 2267 E.
171 2232 241 2267 hoc
269 2233 400 2268 modo:

611 2321 627 2344 e
661 2310 684 2344 d
716 2321 732 2345 e
849 2310 872 2344 <l
922 2321 938 2345 e
989 2311 1011 2345 d
1043 2311 1067 2345 d
1101 2312 1125 2345 sl

614 2381 631 2405 c
848 2381 866 2405 c
915 2382 933 2405 c
1097 2382 1114 2406 c

603 2430 726 2464 Venite
862 2430 911 2465 ad
983 2441 1135 2465 oremus.

588 2501 626 2524 cc
641 2500 679 2524 ee
693 2501 731 2525 ee
859 2501 877 2525 c
974 2501 1013 2526 ec
1027 2492 1046 2525 b
1060 2489 1103 2538 ῆξ
1120 2502 1138 2526 c
