1996 3150
701 149 850 186 GUIDO
876 150 1085 186 ARETINO
1608 153 1677 187 459

115 243 278 293 accipiet
305 245 540 284 autenticam
559 247 638 284 vim
657 248 856 297 aptissime
885 249 1130 298 coaptabitur
1157 250 1329 288 tetrardo
1353 251 1512 289 autento
1533 263 1602 300 per
1620 249 1676 288 di-

115 308 337 348 stinctiones
365 313 405 349 et
433 312 644 362 superiores
663 315 802 360 motus,
823 314 930 363 quod
956 315 1035 353 suis
1063 315 1103 353 in
1131 316 1224 353 locis
1252 316 1521 365 explicabitur.
1543 316 1678 367 Plagis

114 376 244 412 autem
263 375 381 414 tritus
399 377 545 416 interea
564 379 721 427 propria
740 380 780 417 in
802 391 892 417 voce
913 379 1054 427 finitur,
1077 393 1150 429 que
1182 380 1328 419 duobus
1357 381 1533 419 elevatur
1560 381 1679 420 tonis.

113 437 314 478 Interdum
348 442 388 479 in
423 442 542 489 affini,
582 457 657 493 que
698 445 910 493 predictam
950 446 1206 484 elevationem
1244 446 1373 494 habet,
1404 447 1444 484 in
1473 459 1516 485 eo
1548 449 1678 486 tamen

114 503 295 544 differunt
322 506 424 556 quod
452 508 491 545 in
519 509 584 546 ille
613 510 815 548 semitonio
845 510 1065 560 deponitur,
1096 511 1166 549 iste
1196 514 1325 550 autem
1357 514 1459 551 tono.

296 594 516 644 Simplicior
544 609 654 635 casus
682 611 799 647 quam
827 598 980 637 strictas
1008 599 1176 648 possidet
1204 601 1351 650 amplas

297 661 428 699 Tertia
453 662 658 711 plagarum
687 663 858 702 districte
887 666 925 702 et
953 666 1078 713 prima
1106 665 1178 703 sub
1208 679 1296 704 una.

297 727 449 776 Regula
475 727 689 765 formarum
717 729 909 778 variisque
937 729 1110 769 insistere
1138 743 1275 770 vocum

296 791 582 842 Ordinibusque
611 794 736 832 solent
764 795 868 832 fusco
898 795 1067 834 colorare
1095 797 1219 834 alieno

297 856 377 896 Sub
405 858 563 897 modulo
592 860 714 897 trium
741 859 930 898 referetur
957 861 1073 899 tertia
1100 874 1251 899 vocum.

296 1059 412 1098 Sexta
582 1028 691 1098 rhora
850 1061 949 1099 sedit
1089 1074 1202 1112 super
1421 1066 1597 1113 puteum.

109 1156 1686 1245 ἓ-,ζῑ-,ἶ-ᾼζῃ-θξ-ῂὲ-,Ξῗ-ὲῄῂ
1477 1200 1498 1235 3
1599 1208 1676 1212 --..

352 1262 483 1301 Gloria
738 1265 958 1302 seculorum
1370 1280 1492 1306 amen.

110 1352 197 1402 Ipse
225 1353 434 1392 invocavit.
924 1355 1046 1393 Vobis
1075 1356 1211 1395 datum
1239 1359 1308 1396 est.

114 1418 287 1456 Verbum
315 1432 402 1458 caro
431 1420 588 1459 factum.
923 1421 1110 1471 Alleluja.

113 1484 264 1522 Notum
293 1485 511 1531 secundum,
925 1486 1018 1524 Noli
1046 1487 1147 1525 flere.

118 1550 235 1591 Serve
261 1563 430 1600 nequam
924 1551 1123 1590 Modicum
1153 1553 1192 1590 et
1219 1565 1306 1590 non.

110 1616 236 1655 Hodie
263 1616 423 1655 intacta.
734 1638 738 1641 -
923 1616 1050 1654 Nimis
1080 1618 1270 1656 exaltatus
1299 1629 1351 1656 es.

111 1681 142 1720 O
173 1683 414 1721 admirabile.
923 1682 1012 1721 Non
1041 1683 1226 1721 turbetur
1253 1696 1328 1721 cor.

110 1748 288 1788 Occurrit
314 1750 442 1788 beato.
927 1749 1117 1787 Dominus
1146 1750 1186 1787 in
1215 1750 1318 1788 Sion.

111 1814 235 1865 Virgo
263 1814 389 1853 hodie.
924 1813 1115 1853 Dominus
1145 1815 1183 1852 in
1213 1816 1306 1853 celo.

112 1880 294 1918 Nesciens
321 1882 457 1918 mat-er.
928 1879 1102 1918 Adorate
1128 1881 1347 1919 Dominum.

110 1946 301 1983 Fluminis
328 1946 507 1996 impetus.
922 1944 1004 1990 Que
1034 1947 1187 1985 mulier.

110 2011 343 2049 Benedictus
371 2012 488 2050 Deus.
918 2010 1068 2049 Ponens
1099 2012 1253 2050 Petrus.

110 2077 313 2115 Eructavit
340 2089 405 2115 cor
432 2090 573 2115 meum.
922 2076 952 2115 Ο
985 2091 1105 2126 quam
1134 2078 1357 2128 gloriosum.

110 2141 151 2181 Si
179 2154 249 2194 ego
278 2155 391 2182 verus
420 2142 574 2182 Christi.
923 2143 1225 2181 Exaltabuntur.

740 2291 782 2316 IN
811 2291 1053 2316 INTROITIBUS

108 2478 349 2531 Ξέ-ῐ,
487 2471 911 2546 ''ff—3?
921 2477 1684 2546 *qI—:T
1535 2501 1685 2529 .,-———.

339 2585 470 2624 Gloria
740 2585 960 2622 seculorum
1162 2597 1285 2622 amen.

112 2675 237 2714 Hodie
266 2675 405 2715 scietis.
924 2673 1017 2713 Esto
1046 2675 1143 2713 mihi
1172 2675 1212 2712 in
1240 2673 1379 2712 Deum.

111 2742 156 2779 In
184 2742 309 2780 medio
338 2741 503 2780 ecclesie.
922 2740 1160 2787 Quasimodo
1191 2741 1326 2792 geniti.

112 2807 337 2847 Sacerdotes
365 2807 535 2846 Domini.
928 2807 1090 2846 Cantate
1118 2807 1297 2846 Domino.
