1996 3150
682 714 1178 801 INDIOAZIONE

919 850 941 875 E

151 926 792 974 DESCRIZIONE
839 925 929 969 DI
974 923 1326 968 ALCUNI
1386 920 1713 968 COD1C1

423 1043 485 1069 NEI
510 1042 623 1076 QUALI
649 1042 682 1069 SI
710 1040 882 1068 TROVANO
908 1038 1180 1066 INTERAMENTE
1207 1037 1228 1064 O
1253 1038 1292 1065 IN
1318 1038 1441 1065 PARTE

255 1127 302 1153 LE
320 1126 437 1153 OPERI-3
455 1125 630 1153 MUSICALI
650 1125 688 1151 DI
707 1124 820 1151 GUIDO
841 1122 1015 1158 ARETINO,
1034 1122 1054 1149 Ο
1076 1121 1270 1149 ΟΟΜΜΕΝΤΙ
1290 1121 1387 1148 ALLE
1409 1120 1602 1147 MEDESIMB

840 1370 1029 1409 ROMA

153 1474 406 1513 Biblioteca
434 1473 677 1511 Vaticana.
706 1492 758 1498 —
787 1470 876 1509 Cod.
906 1485 943 1509 n.
976 1471 1093 1509 1196.
1121 1469 1459 1521 Regina-membr.
1481 1467 1522 1506 di
1543 1476 1647 1505 carte
1667 1469 1718 1504 40

230 1539 513 1577 recentemente
541 1539 759 1575 numerate.
789 1537 940 1575 Misura
962 1536 1268 1579 0.150><0.085.
1291 1535 1372 1574 Sec.
1394 1546 1468 1572 ΧΠ.
1486 1552 1540 1560 -
1559 1531 1720 1570 Sembra

231 1603 349 1642 abbia
379 1604 638 1653 appartenuto
669 1602 719 1640 ad
747 1616 801 1640 un
831 1607 934 1640 certo
963 1602 1194 1640 Bourdalot.
1225 1599 1447 1643 Comincia:
1472 1598 1618 1636 INclPl'r
1638 1609 1722 1634 Dm·

233 1679 356 1706 Locus
387 1667 577 1706 Gnmoms
606 1679 657 1705 DE
685 1679 828 1705 MUSIOA
858 1672 1075 1705 coposnos.
1111 1667 1218 1707 Quid
1253 1671 1310 1704 est
1339 1664 1528 1702 musica?
1559 1664 1610 1699 M.
1652 1664 1718 1697 Ve-

232 1735 385 1773 raciter
422 1732 601 1771 canendi
629 1734 786 1772 scentia
807 1733 1001 1780 etfacilis
1030 1733 1097 1770 via
1130 1732 1186 1769 ad
1208 1730 1507 1779 perfectionem
1526 1727 1720 1766 canendi.

285 1802 316 1835 A
344 1805 457 1838 carte
489 1800 549 1837 10.
579 1797 761 1837 Termina
789 1798 818 1835 il
847 1797 1001 1848 dialogo
1022 1810 1094 1836 eon
1113 1798 1249 1847 queste
1270 1793 1424 1845 parole:
1448 1797 1511 1831 Eoe
1531 1793 1594 1831 his
1614 1803 1720 1842 quae

231 1864 344 1902 dicta
374 1869 474 1901 sunt
502 1863 698 1901 assiduus
721 1867 1010 1911 perscrutator
1039 1867 1126 1899 tam
1155 1862 1204 1899 de
1233 1861 1344 1898 tonis
1373 1870 1502 1909 quam
1539 1858 1588 1895 de
1626 1857 1721 1893 reli-

232 1929 325 1978 quis
353 1930 657 1975 consonanciis,
684 1929 806 1967 liuius
827 1928 933 1966 artis
962 1929 1170 1976 requiam,
1200 1925 1348 1963 divina
1366 1925 1509 1972 ⁸qratia
1538 1923 1720 1967 iuvante,

235 1995 323 2032 alia
353 2005 482 2043 quam
509 1996 699 2043 plurima
727 1994 943 2041 intelliyet.
989 1993 1104 2033 Quod
1144 1993 1179 2029 si
1214 1995 1289 2030 aut
1325 1989 1582 2040 neqliqenter
1619 1988 1722 2035 ayit,

237 2064 312 2098 aut
340 2070 426 2096 non
449 2070 527 2108 per
556 2060 748 2098 divinam
776 2058 1107 2097 illustracionem
1135 2069 1209 2096 seu
1245 2057 1312 2095 sui
1349 2066 1495 2095 sensus
1531 2053 1723 2092 acumine

232 2135 377 2173 capere
404 2135 519 2173 posse
542 2125 859 2173 presumpserit,
889 2130 960 2163 aut
989 2134 1259 2173 nequaquam
1288 2121 1504 2168 intelliget,
1535 2123 1610 2156 aut
1639 2128 1722 2154 non

235 2192 387 2238 referet
415 2190 560 2238 qratia
580 2190 776 2228 donatori
796 2189 994 2236 efficietur
1015 2190 1249 2226 elacz'onum
1269 2183 1363 2237 (sic)
1381 2184 1564 2223 serviens
1583 2184 1724 2220 minus

235 2256 323 2294 iam
352 2255 539 2293 subditus
567 2255 747 2293 creatori
776 2256 850 2305 qui
879 2260 936 2293 est
965 2254 1197 2292 benedictus
1226 2253 1273 2290 in
1301 2251 1453 2289 secula.
1492 2270 1537 2275 —
1577 2247 1722 2293 Questo

238 2322 406 2360 trattato
444 2320 649 2360 confronta
677 2333 749 2359 con
778 2321 908 2371 quello
939 2320 1147 2358 contenuto
1176 2319 1240 2357 nel
1269 2317 1362 2356 Cod.
1394 2317 1581 2355 Laurenz.
1601 2327 1639 2351 n.
1659 2312 1723 2350 48.

237 2386 296 2424 Pl.
327 2398 429 2424 xxlx
460 2399 482 2423 a
499 2398 531 2423 C.
562 2386 630 2431 33;
661 2398 768 2424 come
795 2398 893 2435 pure
922 2397 992 2424 eon
1011 2382 1038 2422 l'
1053 2384 1153 2423 altro
1174 2384 1226 2422 N.
1248 2384 1272 2421 6
1301 2383 1363 2421 del
1383 2381 1474 2420 Cod.
1493 2378 1684 2424 Riceard„
1706 2390 1725 2413 e

236 2464 307 2490 con
327 2463 403 2489 uno
435 2451 474 2489 di
494 2451 650 2501 Nap01i‚
679 2451 742 2489 del
771 2451 885 2496 quale
915 2450 1045 2489 diamo
1074 2464 1096 2488 a
1124 2462 1194 2488 suo
1224 2449 1344 2498 luogo
1364 2448 1400 2486 le
1422 2443 1663 2485 indicazioni.
1693 2442 1723 2478 Il

234 2517 389 2567 dialogo
410 2517 450 2555 in
469 2517 605 2566 parola
625 2520 645 2555 ὸ
665 2517 792 2566 quello
813 2517 882 2554 che
902 2516 1127 2566 appartiene
1148 2515 1369 2553 veramente
1384 2525 1406 2550 a
1422 2510 1593 2555 Oddone,
1612 2521 1632 2546 e
1650 2519 1725 2544 non

235 2583 302 2632 gib
329 2595 353 2620 a
383 2582 512 2621 Guido
542 2582 606 2620 cui
634 2583 671 2621 lo
701 2583 848 2621 aserive
877 2581 901 2619 1‘
916 2592 1158 2620 amanuense.
1571 2572 1580 2579 ⁹

290 2650 319 2684 A
356 2646 444 2685 c¹-¹.
483 2646 674 2686 EPISTOLA
709 2646 907 2685 JOHANNIS
940 2658 990 2683 AD
1028 2645 1285 2683 Funamwnm
1318 2651 1533 2680 EPlSCOPUM
1563 2650 1615 2676 DE
1651 2649 1724 2674 mu-

239 2723 334 2749 smA.
365 2712 586 2751 Comincia:
609 2713 783 2750 Domino
816 2716 852 2749 et
878 2711 998 2759 patri
1026 2722 1100 2748 suo
1131 2708 1357 2747 venerabili
1387 2705 1620 2753 Anylorum
1646 2706 1726 2738 An-

239 2777 357 2815 tistiti
383 2778 603 2827 Fulyentio
624 2778 714 2814 viro
735 2777 887 2815 scilicet
906 2787 1058 2814 nomen
1075 2787 1128 2814 ex
1149 2785 1193 2812 re
1213 2772 1378 2811 habenti
1404 2771 1556 2820 quippe
1587 2769 1661 2818 qui
1691 2772 1730 2804 et

235 2843 465 2890 prudentia
480 2843 606 2891 pollet
618 2848 654 2881 et
664 2843 885 2881 sanctitate
896 2842 966 2888 ful
966 2846 1045 2890 yet,
1060 2840 1085 2878 J
1088 2851 1263 2878 OHANNES
1277 2848 1419 2876 servus
1432 2844 1643 2873 servorum
1657 2833 1728 2868 Dei
