2012 3182
335 177 406 213 408
905 174 1053 221 GUIDO
1079 174 1293 209 ARETINO

452 270 644 312 Motibus
677 270 745 311 his
778 285 953 311 cursum
984 269 1117 311 faciet
1149 270 1242 311 sine
1273 271 1439 312 musica
1471 270 1653 313 nullum.

394 343 473 383 Est
503 341 670 397 aliquid
697 341 861 382 factum
892 356 1071 383 numero
1103 341 1352 383 modulante
1383 341 1586 394 relatum,

393 414 530 469 quue
562 413 669 454 latet
701 413 839 454 fixum
872 412 1289 468 patet-intendendo
1322 413 1564 454 remissum.

395 487 454 539 (1)
481 486 560 526 Est
592 485 744 527 modus
777 485 834 526 ad
866 484 1053 539 reliquos
1076 483 1299 539 ,phthongi
1332 483 1503 524 collatio
1536 482 1796 539 phthongos.

395 558 515 598 Dant
546 557 702 598 collata
736 556 912 598 modum
946 555 1121 596 sibimet
1154 555 1407 596 discrimina
1438 569 1609 596 vocum.

397 628 538 680 Quam
571 634 697 669 tonus
730 628 767 665 &
800 628 926 668 semis
960 627 1155 682 sequitur
1187 641 1273 667 vox
1308 633 1457 681 protus
1489 625 1686 667 habetur.

396 701 613 741 Deutcrus
646 698 682 736 ἃ
719 701 843 740 tritus
875 699 980 754 quid
1013 700 1082 751 sit⁷
1116 698 1230 753 sapit
1263 698 1365 739 ordo
1399 699 1584 740 vicinus.

396 771 562 826 Hisque
593 777 693 812 tono
727 776 896 811 tantum
928 770 1091 826 placuit
1123 769 1302 810 differre
1330 769 1586 822 tetrardum,

398 843 584 883 Ditonus
618 842 655 880 8(
687 843 816 882 semis
850 842 972 897 cujils
1005 856 1108 882 mox
1142 842 1237 881 iura
1270 847 1524 896 sequuntur.

398 914 566 955 Musica
598 928 683 954 vox
716 913 871 954 horum
903 912 1025 954 nulla
1058 918 1122 953 est
1156 913 1248 953 sine
1280 912 1374 966 lege
1407 912 1649 953 modorum.

399 984 514 1036 Quos
546 990 717 1025 tantum
750 984 907 1039 vulgus
940 984 1072 1025 sentit
1105 983 1157 1024 de
1189 983 1274 1024 fine
1308 983 1522 1039 petulcus,

403 1057 464 1109 (2)
490 1055 688 1107 Quatuor
719 1055 917 1096 authenti
952 1055 1102 1110 plagas
1134 1056 1415 1110 geminantur
1447 1054 1611 1111 adepti,

389 1124 453 1167 ‘Ni
488 1133 668 1182 quartus
703 1127 887 1182 simplex
921 1132 1083 1182 septem
1119 1126 1375 1167 discrimina
1407 1126 1573 1180 firmet3

400 1198 527 1239 Unde
562 1204 688 1253 poeta
721 1199 867 1239 canit:
903 1205 1068 1253 septem
1104 1197 1358 1238 discrimina
1390 1212 1560 1239 vocum.

400 1270 617 1325 Septimus
650 1276 801 1310 octavo
835 1269 985 1310 similis
1018 1276 1284 1325 quapropter
1317 1269 1514 1311 adhaesit.

400 1341 471 1382 Ex
503 1340 659 1396 quibus
692 1341 892 1381 authenti
923 1355 1058 1395 grave
1091 1348 1190 1381 sunt
1222 1340 1456 1387 discrimen
1489 1341 1649 1396 adepti,

402 1411 686 1467 Ci1111,plagzc
720 1426 846 1453 voces
880 1418 1031 1452 tenues
1064 1413 1326 1467 cupiantque
1359 1412 1560 1452 minores.

402 1485 453 1526 In
486 1483 643 1540 quibus
677 1483 732 1523 ad
764 1482 984 1524 modicum
1020 1488 1164 1524 tamen
1197 1483 1234 1520 ἃ
1267 1483 1437 1524 collatio
1472 1482 1618 1524 distat.

403 1555 519 1608 Quos
553 1556 587 1596 si
620 1554 730 1596 forte
764 1554 869 1595 duos
902 1555 978 1595 uni
1013 1555 1078 1595 vis
1111 1553 1299 1595 scribere
1332 1555 1441 1607 voci,

403 1627 600 1679 Quatuor
633 1627 676 1667 in
711 1626 885 1681 reliquis
917 1627 1153 1681 primatum
1187 1625 1301 1666 delta
1333 1625 1544 1666 tenebunt
1565 1626 1643 1679 (3).

406 1699 467 1752 (4)
496 1698 791 1754 Enthymema
824 1712 949 1739 sonos
981 1697 1146 1738 claudit
1179 1699 1409 1752 signatque
1441 1703 1642 1738 remotos.

404 1770 681 1812 Concordant
711 1769 830 1810 flexu
863 1769 1128 1810 diatessaron
1162 1769 1314 1810 addita
1346 1783 1523 1821 nexum,

404 1841 641 1897 Comparat
676 1842 865 1882 intentos
899 1841 1104 1896 diapente
1137 1840 1291 1881 relatio
1323 1855 1510 1895 gressus.

403 1913 478 1954 Ius
511 1918 628 1953 tenet
661 1911 888 1953 ambarum
921 1913 1110 1968 spatium
1143 1912 1353 1967 diapason
1383 1912 1421 1949 &
1453 1911 1608 1953 harum

404 1984 557 2026 Refert
589 1983 767 2024 alterius
800 1998 899 2024 cum
933 1984 1114 2038 suscipit
1145 1983 1282 2024 altera
1314 1984 1432 2024 vices
1456 1983 1533 2037 (5),

409 2057 472 2111 (6)
496 2055 613 2108 Quas
646 2061 750 2096 tunc
783 2055 961 2096 alterius
992 2070 1093 2096 cum
1126 2055 1308 2110 suscipit
1339 2054 1477 2095 altera
1509 2055 1636 2107 vices,

406 2127 535 2170 Unde
568 2127 651 2168 duo
685 2127 859 2180 signum
891 2127 1067 2167 variant
1099 2124 1193 2167 loca
1226 2126 1348 2166 cuius
1381 2124 1585 2181 idipsum.

398 2291 453 2337 (l)
480 2289 550 2333 Qui
577 2289 863 2330 COUSSEMAKER3
882 2288 1043 2324 secondo
1062 2287 1087 2322 il
1106 2287 1184 2322 eod.
1206 2286 1268 2321 dal
1287 2286 1397 2333 quale
1418 2286 1468 2321 ha
1486 2285 1704 2331 pubblicato
1722 2285 1757 2321 lo
1777 2284 1912 2321 scritto

349 2363 444 2397 pone
470 2351 508 2385 la.
533 2353 715 2395 seguente
743 2348 1018 2393 intitolazione;
1044 2369 1062 2375 -
1088 2350 1141 2383 De
1165 2348 1281 2383 modis
1308 2348 1372 2393 qui
1397 2348 1508 2393 vulqo
1534 2348 1630 2392 tropi
1655 2347 1841 2382 dicuntur.

396 2411 448 2456 (2)
475 2409 758 2444 COUSSEMAKER.
787 2409 844 2444 De
872 2409 1050 2444 divisione
1078 2408 1286 2443 Illodorum.

396 2470 452 2517 (3)
594 2469 650 2516 ID.
789 2468 838 2502 ha
865 2469 1006 2503 tenebit.
1273 2503 1279 2508 ,

400 2532 453 2575 (4)
597 2529 653 2563 ID.
793 2529 852 2563 De
879 2528 1073 2563 concordia
1099 2538 1281 2563 sonorum.

398 2587 451 2637 (5)
597 2588 656 2623 ID.
794 2587 844 2622 ha
869 2587 978 2623 vires.

401 2651 450 2698 (6)
478 2650 619 2694 Questo
645 2660 750 2684 verso
775 2659 912 2683 manca
937 2647 976 2682 in
1002 2647 1280 2684 Coussemaker.
