2012 3182
340 107 410 142 378
926 107 1073 143 GUIDO
1102 108 1310 144 ARETINO

399 205 615 245 Praeterea
632 218 731 245 eum
753 203 943 259 aliquem
964 210 1141 252 eantare
1161 205 1375 259 audimus,
1396 209 1583 262 primam
1609 209 1701 250 eius
1723 222 1887 261 vocem,

339 275 579 318 cuiusmodi
612 277 680 329 sit,
714 277 992 331 ignoramus3
1025 277 1127 332 quia
1159 283 1305 319 utrum
1337 280 1429 320 toni
1463 279 1532 321 vel
1563 282 1794 323 semitonia
1825 296 1891 323 re-

338 347 521 403 liquaeve
553 348 718 403 species
742 353 992 403 sequantur,
1018 349 1249 391 nescimus.
1276 350 1421 392 Finito
1446 366 1547 393 vero
1575 358 1707 394 cantu
1730 353 1893 394 ultimae

337 419 456 459 vocis
488 418 664 460 modum
697 434 752 460 ex
784 420 1018 475 praeteritis
1051 426 1200 475 aperte
1240 422 1528 476 agnoscimus.
1560 423 1742 479 Ineepto
1778 425 1892 466 enim

338 495 482 543 cantu,
516 489 620 545 quid
653 496 869 545 sequatur,
905 492 1092 546 ignoras,
1126 491 1247 533 finito
1279 499 1438 546 autem,
1471 493 1577 549 quid
1609 496 1888 549 praecesserit,

340 561 475 602 vides.
508 561 662 617 Itaque
694 561 834 603 finalis
868 577 954 604 vox
987 569 1062 616 est,
1097 577 1227 618 quam
1273 563 1426 604 melius
1458 565 1692 606 intuemur.
1726 565 1895 608 Deinde

339 634 374 674 si
406 633 549 674 eidem
572 634 720 674 cantui
740 648 914 675 versum
940 640 1015 675 aut
1043 635 1272 690 psalmum,
1299 642 1375 677 aut
1401 636 1563 692 aliquid
1589 637 1697 678 velis
1719 636 1895 679 subiun-

338 719 452 760 gere,
488 704 544 745 ad
576 704 749 746 finalem
777 719 926 747 vocem
959 707 1227 761 permaxime
1259 722 1366 763 opus
1397 714 1462 748 est
1493 715 1711 764 coaptare,
1735 723 1820 750 non
1841 709 1896 750 ad

338 777 489 831 primae
521 776 590 818 vel
621 776 804 818 aliarum
839 777 947 819 adeo
981 778 1291 833 inspectionem
1323 779 1481 821 redire.

398 847 591 903 Additur
623 863 790 904 qnoque
825 849 859 889 St
893 849 1013 902 illud,
1057 850 1171 906 quod
1215 853 1412 892 accurati
1461 858 1614 893 cantus
1646 853 1692 893 in
1723 852 1896 895 finalem

340 934 487 961 vocem
521 921 712 961 maxime
744 919 1044 962 distinctiones
1079 923 1267 964 mittant.
1301 923 1390 964 Nee
1423 924 1582 965 mirum
1614 931 1692 978 est,
1725 924 1898 980 regulas

340 993 551 1033 musicam
585 1007 753 1033 sumere
786 1008 811 1033 a
843 991 965 1033 finali
997 1008 1117 1047 voce,
1151 1009 1248 1035 eum
1282 1000 1318 1038 ἃ
1346 996 1388 1036 in
1423 995 1732 1038 Grammatieae
1765 997 1898 1052 parti-

340 1065 420 1106 bus
442 1066 550 1105 artis
577 1080 685 1120 pene
712 1064 873 1121 ubique
897 1066 984 1106 vim
1012 1080 1161 1107 sensus
1183 1067 1227 1108 in
1250 1067 1415 1108 ultimis
1443 1067 1601 1109 litteris
1624 1067 1693 1108 vel
1716 1066 1897 1124 syllabis

340 1151 418 1192 per
449 1151 587 1188 casus,
621 1152 837 1191 numeros,
871 1152 1089 1193 personas,
1126 1145 1403 1194 temporaque
1431 1139 1730 1181 discernimus.
1756 1139 1899 1194 Igitur

340 1209 443 1264 quia
474 1212 509 1248 ἆ
543 1210 681 1250 omnis
714 1208 807 1250 laus
842 1211 886 1250 in
919 1209 1004 1250 fine
1037 1211 1221 1263 canitur,
1256 1211 1348 1251 iure
1381 1210 1577 1264 dicimus,
1611 1210 1726 1267 quod
1759 1212 1897 1252 omnis

340 1289 494 1323 cantus
528 1283 566 1323 ei
600 1282 654 1323 sit
688 1282 813 1323 modo
846 1282 1080 1338 subiectus,
1114 1290 1148 1327 (ἦ
1182 1283 1236 1324 ab
1271 1298 1319 1324 eo
1352 1283 1476 1325 modo
1509 1284 1705 1339 regulam
1738 1291 1894 1340 sumat,

342 1355 415 1409 qui
439 1353 618 1395 ultimus
637 1361 774 1395 sonat.
796 1354 836 1395 A
859 1353 977 1395 finali
1002 1355 1150 1411 itaque
1174 1371 1278 1396 voce
1312 1355 1368 1396 ad
1400 1357 1596 1411 quintam
1630 1357 1673 1397 in
1706 1356 1897 1412 quolibet

343 1432 474 1466 cantu
508 1426 622 1466 iusta
654 1433 718 1467 est
765 1426 990 1482 depositio,
1024 1436 1059 1473 ἃ
1092 1441 1226 1482 usque
1259 1426 1314 1467 ad
1349 1434 1525 1468 octavas
1566 1427 1762 1480 elevatio,
1798 1427 1899 1469 licet

340 1503 491 1538 contra
524 1496 636 1538 hane
670 1498 864 1552 regulam
887 1513 998 1554 szepe
1025 1498 1116 1551 fiat,
1138 1514 1235 1539 cum
1258 1498 1313 1540 ad
1337 1513 1509 1552 nonam,
1537 1499 1807 1540 decimamve
1830 1499 1898 1541 vel

339 1568 615 1610 undecimam
635 1570 979 1625 progrediamur.
1005 1570 1126 1612 Unde
1145 1579 1180 1617 «ἦ
1199 1570 1348 1612 finales
1361 1585 1487 1612 voees
1504 1577 1750 1612 statuerunt
1768 1571 1825 1622 D,
1845 1571 1900 1624 E,

341 1641 395 1689 F,
427 1640 480 1689 G,
507 1641 608 1696 quia
640 1641 707 1682 his
726 1643 927 1697 ‘primum
961 1642 1217 1698 proedictam
1244 1642 1529 1684 elevationem
1565 1641 1632 1683 vel
1666 1642 1899 1698 depositio-

342 1727 439 1753 nem
467 1713 747 1754 monochordi
773 1715 927 1769 positio
954 1714 1297 1755 commodaverit
1320 1714 1495 1768 habent3
1519 1715 1631 1756 enim
1660 1713 1751 1755 haec
1777 1713 1899 1755 deor-

342 1798 435 1824 sum
465 1798 596 1826 unum
624 1785 947 1827 tetrachordum
972 1787 1188 1840 gravium,
1212 1801 1380 1828 sursum
1406 1801 1506 1828 vero
1540 1786 1624 1827 duo
1656 1791 1898 1827 acutarum.

959 2014 1161 2058 CAPUT
1194 2016 1283 2058 XII

609 2172 665 2200 Du
698 2172 921 2201 n1v1sioNE
953 2172 1160 2205 QUATUOR
1193 2172 1409 2201 Monomm
1442 2172 1489 2201 m
1522 2171 1631 2200 oero

401 2302 576 2343 Interea
602 2317 700 2343 eum
728 2309 880 2343 cantus
913 2303 1041 2344 unius
1086 2302 1216 2353 modi,
1249 2309 1398 2358 utpote
1430 2303 1557 2358 proti,
1590 2301 1646 2343 ad
1677 2316 1898 2358 compara-

344 2375 503 2416 tionem
535 2373 633 2415 finis
666 2380 757 2414 tum
791 2374 878 2415 sint
908 2389 1063 2430 graves
1097 2383 1131 2420 ἅ
1164 2375 1296 2431 plani,
1329 2381 1423 2416 tum
1457 2374 1573 2415 acuti
1607 2382 1642 2420 ἆ
1675 2373 1770 2427 alti,
1804 2388 1897 2415 ver-

344 2462 414 2488 sus
447 2455 481 2492 81
515 2446 687 2502 psalmi,
718 2455 753 2492 ἃ
787 2447 946 2503 siquid,
980 2453 1027 2488 ut
1059 2447 1262 2500 diximus,
1297 2446 1373 2488 fini
1406 2445 1644 2503 aptandum
1677 2451 1784 2500 erat,
1815 2459 1900 2487 uno

343 2519 580 2574 eodemque
612 2518 738 2559 modo
772 2518 1004 2574 prolatum,
1038 2519 1222 2560 diversis
1253 2519 1397 2574 aptari
1439 2533 1524 2560 non
1557 2523 1741 2574 poterat.
1775 2516 1901 2569 Quod

343 2591 460 2631 enim
484 2589 841 2645 subiungebatur,
870 2591 905 2632 si
933 2597 1026 2632 erat
1042 2605 1189 2646 grave,
1208 2605 1307 2632 eum
1329 2591 1467 2632 acutis
1494 2604 1579 2631 non
1601 2588 1900 2646 conveniebat,

342 2663 376 2703 si
404 2668 498 2703 erat
522 2667 710 2715 acutum,
740 2676 765 2702 a
790 2662 999 2718 gravibus
1027 2661 1320 2704 discordabat.
1354 2660 1595 2703 Consilium
1629 2661 1774 2716 itaque
1806 2659 1900 2714 fuit,

343 2740 390 2774 ut
422 2734 602 2788 quisque
635 2719 787 2774 niodus
825 2734 1065 2789 partiretur
1099 2734 1142 2775 in
1175 2734 1295 2787 duos,
1329 2733 1374 2774 id
1407 2738 1482 2785 est,
1520 2739 1696 2773 acutum
1729 2739 1764 2777 &
1803 2745 1902 2785 gra-

345 2818 454 2857 vem,
489 2803 817 2859 distributisque
850 2804 1012 2858 regulis
1046 2811 1173 2846 acuta
1207 2819 1305 2846 eum
1332 2804 1484 2856 acutis,
1509 2809 1543 2846 St
1571 2803 1723 2859 gravia
1746 2817 1901 2844 conve-
