1996 3150
690 186 841 222 GUIDO
867 186 1082 221 ARETINO
1598 186 1668 219 423

99 281 264 323 colores
297 281 666 337 superducuntur:
700 281 817 323 unde
849 282 979 323 datur
1014 281 1213 337 intelligi,
1249 283 1350 337 quia
1383 283 1426 323 in
1469 288 1555 323 toto
1589 296 1669 323 an-

100 352 347 408 tiphonario
380 352 415 389 8ι
458 353 501 393 111
536 354 651 393 0111111
689 359 821 393 6311111
854 358 1215 408 quantaecumque
1260 352 1383 394 lincae
1425 352 1495 394 vel
1527 352 1670 408 spatia

100 437 232 464 unam
254 423 539 479 eamdemque
562 423 726 464 habent
752 423 946 465 litteram
975 424 1041 465 vel
1065 424 1266 465 eumdem
1288 424 1484 478 colorem,
1510 425 1570 465 ita
1592 438 1670 479 per

99 494 244 535 omnia
285 494 484 535 similiter
518 501 687 551 sonant,
722 501 932 550 tanquam
965 496 1000 535 si
1035 509 1183 536 omncs
1216 495 1261 536 in
1295 510 1382 536 una
1415 495 1531 536 linea
1564 495 1669 536 fuis-

98 572 208 618 sent,
242 567 346 621 quia
377 567 491 607 sicut
523 565 639 607 linea
671 567 885 607 unitatem
913 581 1130 620 sonorum,
1163 569 1224 609 ita
1257 574 1299 609 et
1325 583 1403 624 per
1431 569 1576 609 omnia
1601 569 1670 609 lit-

100 643 195 678 tera
227 636 298 678 vel
330 637 444 678 color
476 637 687 678 unitatem
720 637 940 691 significat
968 637 1197 691 linearum,
1230 653 1281 680 ac
1314 654 1392 695 per
1423 639 1503 680 hoc
1537 640 1669 680 etiam

99 722 318 749 sonorum.

161 778 325 830 Quodsi
359 778 597 819 secundum
631 779 826 820 ordinem
858 793 1062 820 sonorum
1100 780 1154 821 ab
1189 781 1283 836 ipsa
1317 781 1464 822 littera
1498 780 1568 822 vel
1602 795 1669 822 co-

100 849 243 891 lorata
276 848 392 890 linea
423 848 585 904 ubique
630 850 850 904 inspicias,
886 850 923 888 ἃ
956 849 1063 891 illud
1097 858 1244 905 aperte
1286 865 1532 905 cognosces,
1568 851 1670 906 quia

100 922 145 962 in
178 920 379 963 omnibus
412 921 614 962 secundis
641 920 869 961 ordinibus
896 920 1047 962 eadem
1071 935 1226 962 vocum
1253 922 1290 958 ὅ(
1322 936 1578 962 neumarum
1607 927 1670 962 est

100 993 259 1033 unitas.
293 991 506 1033 Similiter
540 991 592 1032 de
627 993 756 1032 tertio
789 991 860 1032 vel
892 998 1047 1047 quarto
1075 991 1226 1032 ordine
1260 993 1295 1030 &
1329 991 1507 1046 reliquis
1541 990 1670 1032 intel-

101 1062 201 1118 lige,
237 1064 327 1104 sive
359 1063 603 1118 superiores
639 1063 730 1103 sive
764 1062 992 1103 inferiores
1026 1062 1200 1103 ordines
1234 1077 1402 1103 cernas.

160 1134 304 1188 Igitur
325 1133 565 1174 certissime
586 1139 768 1184 constat,
794 1133 895 1187 quia
922 1147 1070 1173 01111163
1095 1147 1261 1173 neumae
1283 1132 1353 1173 vel
1378 1133 1469 1173 soni
1492 1133 1537 1172 in
1561 1133 1672 1173 eius-

101 1205 199 1245 dem
233 1204 390 1245 litterae
423 1203 493 1245 vel
526 1204 681 1245 6010113
715 1203 842 1244 1111613
881 1203 1082 1244 similiter
1122 1204 1264 1259 positi,
1299 1203 1368 1244 vel
1407 1203 1673 1244 dissimiliter

104 1277 301 1318 litterata
328 1276 396 1318 vel
418 1276 611 1318 colorata
638 1275 756 1316 linea
777 1276 942 1331 pariter
968 1275 1175 1330 elongati,
1198 1290 1274 1331 per
1302 1276 1444 1317 omnia
1471 1275 1673 1316 similiter

101 1355 280 1390 sonant:
302 1348 345 1389 in
366 1349 548 1389 diversis
571 1354 717 1388 aulem
740 1346 864 1388 lincis
887 1346 956 1388 vel
979 1348 1132 1402 spatiis
1158 1348 1290 1387 etiam
1318 1347 1517 1387 similiter
1545 1347 1672 1387 factae

102 1435 268 1461 1161111136
301 1434 578 1474 nequaquam
605 1418 808 1459 similiter
835 1424 1004 1459 sonant.
1028 1418 1221 1473 Ideoque
1248 1419 1451 1473 quamvis
1479 1417 1673 1472 perfecta

102 1493 158 1533 sit
190 1492 386 1547 positura
423 1505 694 1542 neumarum,
738 1505 854 1531 63663
896 1490 1069 1530 0111111110
1103 1495 1180 1542 631,
1217 1493 1245 1529 61
1277 1488 1388 1529 1111111
1429 1487 1548 1528 valet
1581 1488 1672 1528 sine

103 1562 386 1604 adiunctione
418 1561 664 1602 litterarum
696 1560 767 1601 vel
801 1560 1006 1601 colorum.

162 1634 285 1674 Duos
316 1633 430 1673 enim
461 1632 624 1674 colores
656 1632 872 1687 ponimus,
907 1646 1081 1672 crocum
1115 1630 1282 1672 36111661
1309 1638 1345 1674 Sc
1368 1630 1566 1683 rubeum,
1594 1645 1673 1685 per

103 1720 209 1761 quos
242 1705 402 1746 colores
434 1704 561 1746 valde
594 1704 741 1745 utilem
769 1703 850 1745 tibi
883 1703 1081 1758 regulam
1106 1703 1244 1756 trado,
1272 1717 1348 1758 per
1375 1717 1504 1757 quam
1537 1702 1673 1756 aptis·

100 1778 208 1819 sime
240 1790 472 1832 cognosces
516 1775 568 1816 de
601 1776 717 1816 omni
750 1790 910 1815 neuma
944 1778 979 1814 &z
1012 1789 1275 1830 unaquaque
1308 1788 1426 1827 voce,
1460 1773 1513 1814 dc
1555 1772 1674 1828 quali

104 1855 204 1890 tono
229 1848 296 1901 sit,
325 1854 361 1890 ἅ
388 1847 441 1888 (16
469 1847 587 1903 quali
613 1847 759 1888 littera
785 1845 1096 1888 monochordi:
1125 1846 1160 1886 si
1187 1851 1346 1898 tamen,
1375 1851 1423 1885 ut
1450 1843 1580 1886 valde
1609 1849 1674 1884 est

103 1925 410 1975 opportunum,
449 1917 791 1960 monochordum
825 1919 860 1956 Sc
894 1924 1094 1958 tonorum
1126 1916 1336 1958 formulas
1369 1916 1413 1956 in
1455 1915 1671 1970 frequenti

104 1990 268 2032 habeas
301 2005 395 2031 usu.

165 2062 340 2116 Septem
373 2075 474 2102 vero
508 2065 610 2101 sun't
654 2060 813 2101 litterae
847 2059 1142 2113 monochordi,
1177 2060 1292 2100 sicut
1323 2057 1492 2114 plenius
1524 2063 1674 2112 postea

103 2132 368 2174 monstrabo.
414 2131 693 2188 Ubicumque
732 2145 835 2186 ergo
869 2131 1033 2172 videris
1073 2144 1260 2182 crocum,
1295 2131 1388 2184 ipsa
1422 2134 1486 2168 est
1528 2127 1675 2168 littera

104 2204 236 2245 tertia
270 2202 317 2244 C.
346 2203 382 2240 ἆ
402 2202 666 2258 ubicumque
688 2202 852 2243 videris
874 2203 1071 2254 minium,
1098 2202 1192 2256 ipsa
1219 2207 1281 2241 est
1306 2201 1452 2240 littera
1475 2204 1600 2240 sexta
1620 2199 1674 2238 F.

103 2276 196 2316 sive
238 2276 283 2315 in
315 2274 457 2328 lineis,
507 2275 599 2315 sive
632 2275 745 2314 inter
777 2273 913 2314 lineas
958 2273 1041 2328 ipsi
1075 2272 1292 2313 ducantur
1323 2271 1499 2311 colores.
1533 2269 1675 2324 Igitur

103 2347 232 2388 tertio
259 2346 412 2387 ordine
444 2345 523 2386 sub
557 2359 680 2386 61060
707 2345 850 2400 prima
876 2349 942 2384 est
969 2343 1118 2384 littera
1144 2341 1202 2383 A.
1237 2343 1281 2383 in
1309 2356 1395 2397 qua
1427 2347 1554 2382 tonus
1587 2340 1677 2395 pri-

104 2433 200 2460 mus
236 2420 306 2472 (8ι)
342 2418 411 2459 vel
443 2417 684 2458 secundus:
719 2430 850 2472 super
882 2415 995 2456 hanc
1023 2416 1149 2456 iuxta
1176 2428 1350 2456 crocum
1384 2412 1574 2454 secunda
1605 2412 1675 2452 lit-

104 2496 200 2531 1613
232 2490 287 2531 Β.
320 2489 365 2530 111
399 2503 485 2544 qua
517 2495 583 2529 est
615 2494 745 2529 tonus
778 2488 933 2528 tertius
971 2486 1040 2527 vel
1073 2491 1267 2541 quartus.
1301 2483 1472 2526 Deinde
1507 2484 1551 2524 in
1583 2483 1674 2538 ipso

103 2575 230 2602 croco
264 2566 329 2601 est
360 2574 449 2601 vox
494 2560 556 2611 (id
590 2562 671 2613 est)
717 2559 786 2600 vel
817 2559 965 2600 littera
998 2559 1130 2599 tertia
1167 2555 1214 2597 C.
1248 2557 1291 2597 in
1335 2571 1419 2611 qua
1453 2561 1517 2595 est
1549 2560 1676 2595 tonus

106 2632 288 2687 quintus
321 2634 359 2672 ἃ
396 2636 561 2672 sextus.
595 2631 756 2671 Vicina
797 2644 925 2685 super
957 2642 1131 2670 crocum
1164 2627 1202 2665 ὅ(
1234 2628 1363 2668 tertia
1403 2625 1482 2667 sub
1526 2625 1676 2678 minio,

104 2708 173 2743 est
203 2702 351 2742 littera
393 2707 550 2757 quarta
582 2702 639 2743 D.
673 2702 719 2741 in
753 2715 840 2756 qua
879 2707 944 2741 est
976 2706 1102 2741 tonus
1134 2700 1301 2754 primus
1334 2697 1403 2738 vel
1446 2695 1674 2737 secundus.

106 2774 317 2814 Proxima
349 2779 413 2814 est
439 2773 572 2813 minio
600 2773 755 2828 quinta
780 2772 836 2812 E.
864 2772 906 2812 in
935 2786 1019 2827 qua
1047 2777 1173 2812 tonus
1200 2769 1355 2810 tertius
1382 2767 1451 2808 vel
1479 2773 1675 2823 quartus.

106 2844 160 2885 In
194 2845 286 2900 ipso
319 2850 384 2886 est
425 2845 561 2885 minio
593 2843 742 2884 littera
781 2849 907 2884 sexta
938 2843 992 2883 F.
1026 2843 1071 2883 in
1105 2856 1190 2897 qua
1225 2848 1352 2883 tonus
1395 2841 1572 2896 quintus
1606 2838 1678 2880 vel
