1996 3150
700 261 849 297 GUIDO
874 261 966 296 ΑΒΕ
972 261 1086 297 ΤΙΝΟ
1603 258 1667 293 381

172 360 480 416 Proponatque
512 360 595 402 sibi
626 360 821 402 Musicus
861 359 1016 416 quibus
1049 375 1103 402 ex
1137 359 1202 401 his
1236 357 1525 401 divisionibus
1557 358 1674 399 ince-

117 432 290 473 dentem
321 431 456 473 faciat
497 438 687 485 cantum,
721 433 834 473 sicut
865 431 1088 484 Metricus,
1122 430 1280 487 quibus
1319 429 1502 487 pedibus
1541 428 1675 472 faciat

116 518 310 556 versum3
343 504 426 545 nisi
460 503 574 559 quod
607 503 799 544 Musicus
825 518 911 544 non
935 518 979 544 se
1006 509 1129 544 tanta
1156 502 1264 558 legis
1292 503 1548 544 necessitate
1574 515 1672 543 con-

116 575 305 630 stringit,
339 576 439 631 quia
482 576 527 616 in
567 574 767 616 omnibus
800 589 844 615 se
877 574 968 615 haec
1002 589 1073 615 ars
1115 575 1159 615 in
1194 589 1345 615 vocum
1391 573 1674 629 dispositione

117 646 366 688 rationabili
400 648 612 688 varietate
644 651 863 701 permutat
889 646 969 700 (1).
1003 645 1144 697 Quam
1177 644 1565 686 rationabilitatem
1592 645 1670 686 etsi

117 733 228 774 saepe
261 733 344 760 non
378 717 808 773 comprehendamus,
841 717 1051 758 rationale
1077 723 1221 758 tamen
1257 716 1449 758 creditur
1475 715 1532 769 id,
1560 715 1674 771 quod

117 805 249 843 mens,
281 791 326 830 in
358 804 445 845 qua
477 796 541 830 est
573 790 698 843 ratio,
732 788 986 830 delectatur.
1014 789 1099 830 Sed
1131 789 1222 830 haec
1251 793 1279 828 ὣ
1307 787 1554 830 huiusmodi
1587 802 1674 829 me-

116 860 197 903 lius
228 860 512 917 colloquendo
545 875 674 916 quam
707 860 1018 902 conscribendo
1053 867 1331 901 mostrantur.

174 932 355 988 Oportet
387 947 502 987 ergo,
529 937 577 973 ut
611 947 727 973 more
754 946 958 973 versuum
991 932 1318 973 distinctionem
1352 931 1539 987 aequales
1573 932 1674 985 sint,

117 1015 146 1050 <Q
177 1005 436 1060 aliquotiens
463 1004 624 1045 eaedem
650 1005 882 1059 reperfitae,
911 1010 987 1044 aut
1007 1003 1153 1059 aliqua
1180 1004 1247 1045 vel
1275 1018 1411 1058 parva
1439 1004 1676 1044 mutatione

117 1077 309 1130 variatae,
345 1081 374 1117 ὣ
405 1090 503 1117 cum
530 1076 591 1129 (2)
626 1075 771 1131 plures
804 1075 968 1116 fuerint
1006 1075 1254 1130 duplicata,
1288 1074 1497 1116 habentes
1531 1080 1676 1129 partes

117 1164 201 1190 non
234 1149 362 1190 nimis
394 1148 603 1200 diversas,
641 1154 669 1190 ὣ
701 1162 796 1203 quac
835 1146 1096 1202 aliquotiens
1141 1146 1302 1187 eaedem
1346 1146 1679 1187 trasformentur

115 1236 193 1276 per
224 1220 385 1273 modos,
418 1225 494 1260 aut
526 1219 687 1260 similes
726 1219 906 1260 intensae
940 1226 969 1261 Sa
1001 1220 1191 1260 remissae
1236 1220 1533 1260 inveniantur.
1566 1218 1676 1259 Item

116 1298 165 1333 ut
196 1292 464 1347 reciprocata
496 1305 653 1332 neuma
688 1289 840 1332 eadem
868 1291 952 1343 via,
991 1305 1077 1346 qua
1104 1296 1298 1344 venerat,
1337 1289 1499 1343 redeat,
1524 1305 1574 1331 ac
1601 1304 1678 1345 per

114 1363 265 1405 eadem
298 1363 481 1418 vestigia
513 1368 723 1403 recurrat.
760 1362 871 1403 Item
904 1369 951 1403 ut
984 1362 1158 1418 qualem
1185 1362 1398 1404 ambitum
1426 1363 1494 1404 vel
1516 1362 1677 1403 lineam

115 1450 201 1477 una
233 1435 339 1476 facit
370 1434 562 1476 saliendo
585 1433 641 1475 ab
662 1435 816 1487 acutis,
846 1434 976 1476 talem
1005 1435 1260 1476 inclinatam
1289 1433 1427 1475 altera
1453 1449 1475 1474 e
1501 1434 1677 1489 regione

116 1513 305 1563 opponat
337 1506 636 1562 respondendo
670 1521 694 1547 a
727 1506 952 1561 gravibus,
986 1507 1100 1548 sicut
1132 1507 1201 1560 sit,
1236 1521 1334 1547 cum
1367 1506 1412 1547 in
1446 1511 1575 1561 puteo
1602 1519 1678 1546 nos

115 1594 213 1620 cum
248 1579 438 1633 imagine
475 1585 622 1620 nostra
654 1586 806 1620 contra
845 1578 1134 1640 speculamur.
1172 1578 1285 1620 Item
1326 1577 1557 1634 aliquando
1591 1592 1678 1619 una

116 1651 285 1706 syllaba
318 1665 448 1692 unam
469 1650 540 1692 vel
565 1650 712 1706 plures
739 1650 900 1692 habeat
926 1665 1120 1704 neumas,
1147 1650 1385 1706 aliquando
1412 1665 1498 1691 una
1521 1665 1679 1691 neuma

115 1722 262 1778 plures
288 1722 514 1764 dividatur
537 1723 581 1764 in
605 1721 812 1778 syllabas.
831 1722 1135 1764 Variabuntur
1156 1722 1220 1763 ha*¹
1245 1722 1314 1764 vel
1331 1737 1477 1764 omnes
1495 1737 1676 1775 neumae,

114 1809 210 1835 cum
244 1793 353 1836 alias
387 1793 441 1835 ab
475 1793 627 1835 eadem
660 1809 766 1836 voce
798 1795 1027 1851 incipiant,
1062 1794 1171 1836 alias
1204 1794 1256 1835 de
1296 1794 1580 1835 dissimilibus
1614 1809 1676 1835 se-

114 1866 304 1909 cundum
349 1867 579 1908 laxationis
613 1875 642 1911 ὠ
673 1868 887 1909 acuminis
930 1869 1078 1910 varias
1123 1867 1368 1924 qualitates.
1401 1868 1512 1909 Item
1544 1873 1592 1908 ut
1623 1867 1678 1908 ad

116 1939 401 1995 principalem
434 1953 597 1993 vocem,
633 1939 678 1981 id
711 1945 788 1991 est,
821 1939 1011 1993 finalem,
1044 1939 1113 1981 vel
1145 1940 1180 1979 si
1213 1954 1345 1995 quam
1382 1939 1554 1980 affinem
1587 1939 1679 1980 eius

114 2026 190 2067 pro
224 2011 319 2066 ipsa
351 2010 573 2066 elegerint,
602 2025 712 2067 pene
739 2025 885 2052 omnes
918 2011 1222 2052 distinctiones
1255 2018 1446 2063 currant7
1472 2021 1500 2057 ὰ
1527 2010 1678 2052 eadem

113 2082 349 2138 aliquando
392 2097 492 2135 vox,
528 2097 622 2139 quae
661 2083 866 2125 terminat
898 2097 1078 2124 neumas
1122 2097 1283 2137 omnes,
1318 2083 1387 2124 vel
1435 2083 1581 2139 plures
1614 2083 1680 2124 di-

115 2155 368 2196 stinctiones
402 2154 538 2208 finiat,
567 2154 803 2210 aliquando
828 2163 858 2199 ἅς
879 2155 1083 2210 incipiat3
1117 2155 1230 2197 sicut
1256 2155 1372 2211 apud
1399 2154 1679 2197 Ambrosium

113 2226 305 2268 curiosus
339 2227 537 2268 invenire
570 2227 743 2282 poterit.
771 2225 881 2268 Sunt
909 2241 1010 2267 vero
1041 2227 1165 2281 quasi
1199 2227 1388 2282 prosaici
1411 2233 1579 2280 cantus,
1605 2228 1677 2283 qui

113 2297 205 2340 haec
237 2299 380 2340 minus
413 2298 662 2352 abservant,
696 2299 741 2340 in
775 2297 936 2354 quibus
968 2313 1054 2340 non
1087 2305 1151 2340 est
1185 2313 1312 2353 curae,
1347 2300 1382 2340 si
1415 2298 1513 2340 aliae
1547 2300 1680 2340 maio-

114 2384 196 2423 res,
229 2369 323 2412 aliae
357 2371 542 2412 minores
575 2376 719 2427 partes
753 2374 782 2411 ὰ
814 2370 1119 2412 distinctiones
1160 2385 1236 2427 per
1268 2371 1364 2412 loca
1396 2372 1489 2412 sine
1521 2371 1677 2413 discre-

115 2442 231 2482 tione
264 2442 548 2483 inveniantur
579 2457 696 2484 more
729 2456 971 2498 prosarum.

172 2513 374 2555 Metricos
402 2520 547 2556 autem
574 2520 729 2556 cantus
756 2515 868 2568 dicO,
896 2516 999 2571 quia
1027 2530 1139 2571 saepe
1166 2517 1227 2557 ita
1254 2516 1463 2569 canimus,
1485 2521 1533 2557 ut
1555 2517 1679 2572 quasi

114 2605 263 2632 versus
296 2591 481 2648 pedibus
515 2592 724 2634 scandere
757 2593 997 2648 videamur,
1032 2594 1144 2636 sicut
1175 2593 1239 2648 fit,
1273 2608 1371 2635 cum
1414 2595 1508 2649 ipsa
1540 2600 1679 2635 metra

112 2663 318 2716 canimus,
355 2664 399 2705 in
434 2664 592 2720 quibus
624 2665 869 2707 cavendum
909 2672 972 2707 est
1012 2681 1064 2707 ne
1104 2665 1331 2722 superfluae
1370 2666 1679 2707 continuentur

113 2749 279 2776 neumae
311 2734 562 2792 dissyllabae
596 2737 687 2778 sine
721 2736 995 2780 admixtione
1029 2737 1359 2794 trisyllabarum
1393 2752 1443 2778 ac
1478 2727 1679 2793 tetrasyl-

163 2902 215 2946 (1)
244 2901 350 2946 ΟΤΤ.,
375 2901 522 2940 misceri
549 2902 750 2949 permittit.

162 2962 214 3006 (2)
244 2963 321 3006 AL„
349 2964 547 3008 perpulcre
574 2963 728 2999 fuerint.
