1996 3150
712 147 859 183 GUIDO
887 148 1098 183 ARETINO
1611 149 1680 184 433

190 241 345 296 [Igitur
377 243 491 298 quia,
525 249 575 283 ut
606 243 772 285 dictum
804 252 882 298 est,
915 245 1109 301 ejusdem
1143 245 1400 288 conditionis
1422 252 1610 302 quatuor
1635 253 1678 287 et

130 319 316 369 quatuor
347 319 504 354 natura
537 315 702 367 statuit⁷
736 315 796 355 ita
827 322 870 356 et
902 322 1002 357 note
1034 331 1143 372 pene
1176 322 1276 358 sunt
1308 317 1480 370 eodem3
1523 317 1678 359 solum-

130 384 255 425 modo
290 384 632 426 tetracordorum
666 385 912 427 differentia
943 388 1164 428 variorum
1207 389 1345 430 versis
1385 388 1678 430 caracteribus

130 454 359 497 indicatur.

187 527 359 568 Primus
393 526 531 568 finalis
564 542 637 568 seu
670 527 911 569 terminalis
945 530 995 582 h,
1031 529 1181 571 dasian
1214 530 1422 573 inclinum
1456 531 1499 581 S,
1526 531 1581 573 ad
1609 547 1678 574 ca-

129 604 219 653 put,
254 599 338 640 ita:
376 587 447 653 ΞΤ.

187 705 412 748 Secundus
444 706 600 760 finalis,
642 706 689 760 C,
722 722 895 749 versum
928 709 982 749 ad
1015 716 1158 765 caput,
1192 712 1279 752 ita:
1315 693 1364 754 ks.

187 801 362 844 Tertius
394 802 535 844 finalis
567 803 596 843 I
623 803 709 844 iota
741 802 928 859 simplex
961 809 1003 845 et
1036 803 1256 859 inclinum,
1291 807 1372 847 ita:
1402 809 1439 848 l.

185 898 376 951 Quartus
408 898 552 940 finalis
591 900 626 941 (Ι
657 898 895 940 demidiam
927 899 984 941 ad
1022 907 1166 955 caput,
1201 902 1283 942 ita:
1317 863 1379 939 P

186 994 355 1037 Graves
397 996 628 1037 retroversi
665 995 829 1049 finales,
871 997 962 1038 ita:
1100 991 1130 1060 ᾗ)
1168 995 1229 1041 N
1252 983 1316 1058 εἴ]
1334 1011 1456 1065 ,μ’Ῑ)

186 1103 440 1161 Superiores
472 1104 644 1146 demissi
678 1104 842 1158 finales,
876 1107 962 1147 ita:
1006 1096 1063 1167 (ζ
1097 1096 1140 1168 J
1185 1085 1247 1156 s·
1325 1105 1394 1167 -J,

185 1212 462 1255 Excellentes
485 1213 660 1255 demissi
681 1229 851 1270 graves,
875 1217 955 1257 ita:
1003 1219 1046 1276 L
1089 1195 1118 1265 (ξ
1160 1212 1214 1259 X
1249 1208 1298 1264 k

268 1486 408 1536 INCIPIT
439 1487 486 1535 DE
515 1486 704 1535 MUDDRUII'I
736 1486 928 1535 PURMULIS
959 1486 1008 1534 ΕΤ
1041 1485 1232 1535 CANTUUM
1264 1485 1546 1539 QUALITATIBUS

688 1619 988 1658 CAPITULUM
1020 1617 1034 1656 1
1055 1620 1114 1669 (2)

168 1730 299 1780 Igitur
318 1730 456 1779 protus
477 1729 606 1767 decem
628 1728 745 1766 habet
766 1729 962 1778 regulares
982 1728 1181 1774 formulas,
1200 1728 1240 1765 id
1260 1729 1327 1774 est,
1350 1739 1414 1765 sex
1433 1728 1688 1776 prepositivas

115 1803 153 1834 et
180 1798 257 1834 tres
285 1795 523 1845 appositivas
553 1796 592 1832 et
621 1807 739 1832 unam
767 1795 1063 1844 suppositivam.
1093 1794 1143 1832 Et
1170 1794 1217 1831 he
1247 1793 1417 1842 quidem,
1449 1806 1524 1842 que
1552 1807 1688 1843 prepo-

113 1861 226 1900 sitive
254 1863 355 1908 sunt,
387 1861 485 1899 fiunt
512 1863 617 1907 tono,
648 1860 795 1908 ditono,
815 1860 1074 1906 semiditoniQ
1096 1860 1157 1897 vel
1176 1858 1416 1898 triemitonio
1437 1860 1475 1896 et
1495 1858 1686 1908 diapente.

114 1927 343 1977 Appositive
372 1928 502 1964 autem
530 1927 619 1964 sunt
649 1938 721 1975 que
750 1926 790 1963 in
818 1926 951 1964 eadem
980 1938 1072 1964 voce
1105 1939 1182 1974 qua
1214 1924 1383 1963 formula
1413 1924 1558 1971 finitur,
1589 1925 1688 1963 anti-

115 1994 239 2043 phone
267 1992 502 2042 principium
531 1992 703 2041 ponitur,
734 1992 782 2029 Et
810 1993 857 2030 he
889 1992 1044 2041 quidem
1072 1992 1225 2030 duobus
1253 1991 1378 2029 modis
1405 1992 1517 2037 fiunt,
1553 1991 1593 2029 id
1630 1994 1687 2030 est

115 2059 324 2108 aliquando
354 2059 394 2096 in
423 2058 546 2107 prima
574 2071 679 2104 voce,
709 2058 749 2096 id
778 2060 835 2097 est
864 2072 907 2096 ea
936 2072 1011 2108 que
1040 2058 1155 2096 finem
1184 2058 1393 2104 terminat;
1424 2057 1618 2095 interdum
1647 2057 1686 2094 in

114 2125 310 2170 affinibus,
339 2124 380 2161 in
406 2118 467 2162 'his
494 2123 684 2171 videlicet,
715 2137 792 2173 que
819 2124 926 2162 finali
954 2123 1040 2162 voci
1069 2137 1138 2173 per
1175 2135 1240 2162 sex
1277 2123 1518 2173 supradictas
1556 2135 1688 2161 conso-

117 2190 268 2230 nantias
309 2190 556 2228 conveniunt.
587 2190 836 2239 Suppositive
873 2191 1002 2228 autem
1032 2190 1131 2228 fiunt
1159 2189 1409 2235 semiditono;
1442 2192 1478 2227 et
1507 2188 1687 2226 dicuntur

114 2256 351 2306 suppositive
381 2268 424 2293 eo
453 2256 559 2305 quod
595 2255 688 2293 fines
725 2256 984 2294 formularum
1023 2257 1095 2294 sub
1137 2256 1327 2305 principia
1365 2255 1559 2294 ducantur
1587 2255 1686 2293 ant-i-

114 2324 331 2374 phonarum
362 2319 611 2373 [prepositive
638 2335 730 2361 vero
760 2335 803 2361 eo
833 2322 937 2372 quod
965 2320 1200 2373 preponant]
1224 2319 1295 2372 (3).

166 2389 356 2435 Quoniam
384 2402 473 2428 vero
503 2390 638 2438 protus
667 2388 760 2428 duas
789 2388 960 2427 diversas
979 2389 1020 2426 in
1048 2402 1128 2426 una
1156 2388 1429 2427 terminatione
1457 2388 1597 2425 habere
1631 2388 1687 2425 vi-

113 2457 226 2495 detur
255 2457 452 2503 formulas,
480 2455 576 2494 libet
605 2455 747 2494 intueri
776 2455 949 2503 uberius,
978 2455 1121 2505 quibus
1160 2454 1476 2493 distinctionibus
1518 2456 1683 2502 utreque

173 2617 225 2661 (1)
252 2615 303 2651 Le
328 2615 454 2661 parole
479 2615 608 2651 chiuse
634 2615 692 2650 fra
717 2615 728 2650 i
754 2616 826 2651 due
852 2615 960 2662 segni
991 2626 1177 2650 maneano
1201 2614 1240 2649 in
1281 2613 1461 2649 Gerberto
1499 2624 1541 2647 su
1579 2617 1713 2659 questo

114 2679 292 2720 trattat03
318 2688 378 2711 ma
404 2675 477 2722 egli
502 2676 536 2710 le
562 2675 611 2710 ha
637 2675 739 2722 negli
765 2675 886 2711 scritti
919 2676 956 2711 di
982 2675 1138 2717 Uba1do,
1165 2675 1205 2709 T.
1232 2675 1259 2714 Ι,
1287 2685 1374 2719 pag.
1405 2673 1482 2707 153.

172 2737 227 2782 (2)
253 2736 310 2770 Da
334 2740 464 2782 questo
490 2740 607 2782 punto
633 2747 816 2782 prosegue
842 2735 869 2771 il
894 2736 1076 2772 Gerberto
1102 2746 1214 2770 senza
1240 2745 1362 2770 nuova
1389 2731 1624 2768 indicazione
1651 2732 1687 2767 di

57 2815 61 2818 ·
114 2795 288 2842 capitolo.

175 2855 229 2902 (3)
255 2855 442 2891 Mancano
466 2856 528 2892 nel
554 2855 743 2892 Gerberto.

196 2941 239 2967 28.
256 2955 288 2959 —-
303 2939 432 2972 Pnaxnu
458 2940 557 2965 Gwlln
582 2941 714 2967 riv-esino.
