1996 3150
682 249 831 284 GUIDO
859 248 1070 284 ARETINO
1582 245 1650 280 369

99 363 192 402 nus,
219 354 267 390 ut
297 349 412 390 inter
444 349 484 389 B
515 349 551 390 82
587 347 623 390 G
645 347 681 388 ἅτ
700 348 820 403 reliq.
847 347 906 388 Et
924 348 1062 389 maius
1094 346 1271 403 quidem
1301 345 1491 402 spatium
1523 350 1649 386 tonus

99 421 271 475 dicitur,
305 421 446 462 minus
478 435 581 462 vero
620 419 907 472 semitonium,
941 419 1067 460 semis
1117 417 1334 472 videlicet,
1373 416 1419 458 id
1456 422 1533 470 est,
1565 429 1652 457 non

96 492 251 549 plenus
284 498 423 534 tonus.
456 493 567 534 Item
601 493 712 533 inter
745 491 937 548 aliquam
971 505 1117 531 vocem
1152 490 1188 531 82
1219 490 1395 531 tertiam
1425 505 1451 530 a
1483 504 1527 530 se
1560 494 1651 529 tum

97 565 269 606 ditonus
303 570 378 618 est,
414 564 457 606 id
491 570 566 616 est,
601 563 684 605 duo
717 565 821 616 toni,
856 569 904 603 ut
936 577 961 603 a
995 561 1028 603 C
1062 561 1119 602 ad
1150 562 1206 612 E,
1236 568 1328 602 tum
1354 560 1649 613 semiditonus,

98 639 172 694 qui
205 637 336 679 habet
367 643 537 678 tantum
570 641 719 677 tonum
745 636 780 676 Sc
808 635 1094 687 semitonium,
1122 640 1170 675 ut
1197 649 1222 674 a
1254 634 1293 674 l)
1318 634 1364 674 in
1386 634 1441 684 F,
1469 634 1505 675 ἃ
1527 633 1649 689 reliq.

100 710 377 751 Diatessaron
403 715 550 750 autem
576 713 652 761 est,
688 722 785 748 cum
811 709 924 748 inter
947 706 1053 747 duas
1080 720 1206 748 voees
1234 719 1503 762 quocumque
1524 704 1649 747 modo

97 781 181 822 duo
215 787 315 822 sunt
347 781 453 829 toni,
488 780 523 820 ὣ
556 794 692 820 unum
736 778 1025 831 semitonium,
1059 785 1108 819 ut
1139 777 1194 819 ab
1226 777 1266 818 A
1303 778 1359 819 ad
1393 778 1450 828 D,
1485 778 1521 819 ἃ,
1553 793 1578 819 a
1610 778 1651 819 B

98 853 142 894 in
173 853 230 902 Ε,
265 852 300 893 ὣ
332 851 454 906 reliq.
490 851 709 906 Diapente
740 864 844 891 vero
877 864 961 891 uno
988 855 1087 891 tono
1120 851 1258 891 maior
1289 856 1366 903 est,
1401 865 1500 891 cum
1537 850 1650 890 inter

95 922 312 979 quaslibet
343 938 470 964 voces
506 929 590 963 tres
623 928 723 963 sunt
755 923 863 976 toni,·
892 922 927 963 Sc
960 937 1093 963 unum
1127 923 1411 975 semitonium,
1445 928 1492 962 ut
1524 921 1578 963 ab
1606 921 1645 963 A

95 996 139 1037 in
171 996 228 1046 Ε,
262 996 294 1037 ἃ*
329 1011 354 1036 a
391 994 427 1036 C
455 996 500 1036 in
536 994 589 1045 G,
623 1000 665 1035 et
697 993 820 1049 reliq.
852 993 1001 1034 Habes
1033 995 1180 1049 itaque
1213 1009 1290 1035 sex
1321 1009 1476 1035 vocum
1502 1009 1652 1036 conso-

95 1069 280 1121 nantias,
314 1067 358 1108 id
391 1073 469 1117 est,
489 1074 650 1119 tonum,
673 1066 962 1119 semitonium,
985 1065 1193 1119 ditonum,
1217 1065 1534 1119 semiditonum,
1559 1066 1649 1107 dia—

93 1147 302 1194 tessaron,
336 1140 371 1180 &
404 1139 606 1194 diapente
632 1139 710 1191 (1).
733 1136 916 1192 [Quibus
942 1136 1085 1178 adhuc
1116 1138 1406 1191 consonantiis
1439 1138 1533 1179 duae
1565 1152 1649 1179 mo-

95 1212 247 1254 domm
278 1211 444 1266 species
475 1225 500 1250 a
532 1207 749 1250 nonnullis
785 1207 1034 1249 cantoribus
1069 1208 1435 1264 superadduntur,
1465 1209 1544 1250 hoc
1571 1216 1649 1261 est,

95 1283 298 1338 diapente
330 1297 428 1323 cum
461 1281 704 1322 semitonio:
739 1286 785 1321 ut
818 1279 873 1321 ab
910 1278 946 1321 C
977 1279 1032 1322 ad
1063 1296 1104 1322 a.
1138 1280 1408 1336 Adiungitur
1450 1283 1582 1323 etiam
1614 1283 1650 1324 ὁὶ

93 1355 315 1410 diapason.
345 1352 465 1405 Quae
487 1353 589 1408 quia
612 1367 708 1393 raro
736 1353 1031 1406 inveniuntur,
1065 1367 1089 1392 a
1121 1352 1245 1394 nobis
1266 1354 1407 1395 minus
1439 1354 1553 1395 inter
1589 1354 1654 1396 VI

93 1432 450 1467 annumerantur.
484 1424 568 1466 Sed
601 1425 718 1478 origo
753 1423 928 1479 quidem
961 1423 1187 1479 diapason,
1219 1439 1314 1480 quae
1347 1425 1382 1466 ἃς
1415 1426 1553 1481 qualis
1580 1427 1647 1480 sit,

93 1499 167 1554 qui
200 1498 414 1539 studiosus
447 1503 758 1552 perscrutatur,
793 1497 837 1537 in
871 1495 1149 1552 sequentibus
1191 1498 1406 1552 reperiet}
1438 1497 1491 1539 In
1531 1497 1647 1540 nullo

92 1572 206 1631 enim
240 1576 372 1611 cantu
405 1569 500 1610 aliis
534 1568 671 1609 modis
705 1584 792 1609 vox
826 1569 919 1610 voci
953 1569 1034 1609 rite
1076 1569 1365 1625 coniungitur,
1400 1570 1468 1611 vel
1508 1571 1648 1612 inten-

93 1642 246 1695 dendo,
281 1641 351 1682 vel
378 1639 651 1687 remittendO.
685 1640 764 1680 His
801 1640 1099 1694 adiunguntur
1131 1646 1309 1696 septem,
1340 1640 1465 1696 idest,
1499 1642 1648 1698 diapa-

92 1728 187 1768 son3
222 1727 312 1769 quac
349 1714 450 1768 quia
476 1727 573 1753 raro
601 1713 897 1765 inveniuntur,
926 1713 1068 1753 minus
1093 1713 1206 1753 inter
1232 1713 1337 1754 alias
1360 1728 1646 1756 annumeran-

92 1793 176 1827 tur.
209 1785 404 1841 Cumque
437 1791 526 1826 tani
558 1785 708 1840 paucis
741 1783 959 1838 clausulis7
994 1790 1102 1826 teste
1124 1785 1287 1839 Boetio,
1309 1791 1400 1826 tota
1421 1784 1646 1828 harmonia

91 1859 314 1910 formetur,
348 1856 581 1898 utillimum
609 1862 685 1910 est,
713 1856 810 1897 altae
837 1871 909 1897 eas
933 1857 1149 1898 memoriae
1171 1857 1487 1910 commendare,
1511 1858 1547 1899 ἃς
1574 1858 1647 1899 do-

89 1946 167 1971 nec
199 1929 321 1986 plene
355 1930 398 1970 in
431 1928 625 1969 canendo
656 1929 900 1969 sentiantur
933 1928 968 1969 Sc
1001 1934 1329 1984 cognoscantur,
1358 1928 1414 1969 ab
1438 1918 1647 1971 exercitio

90 2017 314 2058 nunquam
359 2016 540 2056 cessare,
575 2007 621 2042 ut
651 2001 718 2042 his
750 2000 953 2042 clausulis
985 2000 1120 2042 veluti
1162 1999 1421 2056 quibusdam
1452 2001 1648 2060 clavibus

89 2074 272 2116 canendi
304 2075 440 2129 possis
470 2073 672 2129 peritiam
705 2074 932 2129 sagaciter,
966 2073 1221 2129 faciliusque
1253 2073 1488 2130 possidere.
1535 2061 1539 2066 ἱ

733 2313 933 2356 CAPUT
962 2312 999 2358 V

247 2461 304 2489 DE
335 2460 564 2489 DIAPASON.
597 2461 653 2488 ET
686 2460 770 2489 CUR
802 2460 985 2489 TANTUM
1018 2440 1187 2488 SEPTEM
1226 2460 1327 2489 SINT
1358 2459 1489 2490 NOTAE

147 2603 369 2659 Diapason
396 2608 541 2644 autem
568 2608 645 2656 est,
674 2603 718 2643 in
744 2607 829 2658 qna
863 2602 1134 2643 diatessaron
1161 2603 1197 2643 &z
1223 2602 1426 2658 diapente
1455 2603 1646 2658 iungun-

88 2682 186 2728 tur3
219 2690 317 2716 cum
350 2675 461 2716 enim
491 2674 546 2716 ab
570 2673 610 2714 A
640 2675 683 2715 in
707 2675 753 2715 D
775 2675 830 2715 sit
857 2674 1139 2728 diatessaron,
1167 2674 1203 2715 ὦ
1225 2673 1280 2715 ab
1307 2673 1459 2715 eadem
1482 2675 1528 2716 D
1551 2675 1596 2715 in
1619 2689 1645 2715 α

89 2752 263 2787 acutum
287 2747 342 2787 sit
363 2746 580 2802 diapente,
618 2745 673 2788 ab
693 2745 731 2786 A
763 2747 805 2787 in
835 2745 1018 2788 alteram
1040 2761 1067 2787 a
1099 2745 1308 2802 diapason
1346 2746 1516 2788 existit:
1554 2746 1644 2787 eius

136 2961 184 3005 (l)
214 2960 371 2997 Uncinis
397 2960 543 2997 inclusa
568 2963 756 2998 habentur
781 2964 819 2997 in
846 2964 936 2998 Msc.
968 2964 1126 2997 ADMONT
1156 2963 1192 3002 &
1217 2961 1405 2998 OTTOBUR.

177 3054 221 3081 221.
231 3068 266 3074 --
279 3030 419 3088 Ensis-m:
431 3053 532 3081 Guido
546 3055 686 3082 Aretino.
