1996 3150
724 177 871 213 GUIDO
898 177 1110 213 ARETINO
1624 178 1693 212 413

141 270 401 327 ubicumque
426 271 604 326 viderit,
638 273 876 314 seeundum
898 289 996 315 suas
1027 276 1316 330 proprietates
1349 274 1474 316 facile
1506 288 1695 330 pronun-

139 343 247 384 tiare
261 344 434 398 poterit.
451 343 645 385 Audiens
658 359 827 400 quoque
844 345 1039 401 aliquam
1062 361 1265 387 neumam
1283 346 1373 387 sine
1389 345 1693 401 descriptione,

137 413 384 469 perpende,·
413 429 507 470 quae
539 414 693 462 harum
726 416 1041 470 particularum
1073 418 1164 458 eius
1196 417 1272 458 fini
1315 417 1466 458 melius
1508 423 1693 473 aptetur,

136 491 199 530 ita
237 496 285 531 ut
327 490 471 532 finalis
503 506 589 532 vox
630 506 795 532 neumae
833 493 867 533 ἃ
907 493 1162 549 principalis
1202 493 1426 550 particulae
1466 495 1692 549 aequisonae

137 562 237 603 sint.
271 561 512 617 Certusque
545 568 649 615 esto,
677 564 780 617 quia
812 565 857 618 in
890 564 985 605 e'am
1017 578 1167 605 vocem
1194 579 1351 605 neuma
1382 563 1507 605 finita
1538 570 1615 617 est,
1649 565 1691 604 in

136 638 222 689 'qua
249 635 513 675 conveniens
546 634 627 675 sibi
662 635 878 689 particula
910 637 1079 691 incipit.
1114 635 1159 677 Si
1193 651 1294 677 vero
1328 636 1588 692 descriptam
1615 636 1692 676 ali-

135 720 266 761 quam
284 705 587 760 symphoniam
601 705 865 760 incognitam
877 717 1051 748 cantare
1068 708 1245 762 ceperis,
1258 708 1438 749 multum
1452 707 1693 748 cavendum

134 782 211 829 est,
230 782 278 816 ut
299 777 361 816 ita
384 778 557 831 proprie
580 790 930 832 unamquamque
953 777 1078 819 finias
1100 793 1317 830 neumam,
1333 784 1381 819 ut
1404 778 1551 819 eodem
1569 778 1693 819 modo

133 847 232 889 finis
259 863 425 889 neumae
456 847 565 889 bene
599 849 809 903 iungatur
835 864 932 890 cum
958 850 1173 904 principio
1207 851 1300 891 eius
1331 848 1571 905 particulae,
1600 864 1692 904 quae

132 919 187 961 ab
222 918 371 960 eadem
398 920 550 975 incipit
574 934 691 973 voce,
726 921 770 960 in
797 934 881 975 qua
908 935 1064 961 neuma
1090 920 1215 961 finita
1247 927 1325 961 est.
1351 920 1468 974 Ergo
1495 927 1543 961 ut
1574 921 1691 960 inau-

133 990 246 1032 ditos
279 996 447 1042 cantus,
481 1005 583 1031 mox
607 997 653 1032 ut
684 977 924 1046 descriptos
951 991 1128 1044 videris,
1153 997 1450 1046 competenter
1482 992 1692 1043 enunties,

132 1069 208 1103 aut
239 1060 527 1117 indescriptos
560 1062 740 1104 audiens
771 1063 857 1103 cito
891 1062 1195 1103 describendos
1221 1061 1330 1103 bene
1363 1063 1497 1117 possis
1536 1063 1692 1103 discer-

133 1147 248 1185 nere,
281 1135 442 1188 optime
475 1139 515 1174 te
548 1132 718 1174 iuvabit
749 1132 843 1174 haee
872 1134 1037 1187 regula.

191 1204 363 1245 Deinde
385 1218 463 1259 per
489 1203 683 1258 singulos
709 1218 834 1245 sonos
860 1203 1141 1245 brevissimas
1165 1202 1371 1259 subposui
1398 1203 1690 1259 symphonias,

131 1286 316 1327 quarum
337 1271 572 1327 particulas
599 1287 698 1313 cum
721 1272 954 1326 diligenter
980 1273 1235 1328 inspexeris,
1259 1272 1598 1327 uniuscuiusque
1620 1287 1692 1313 vo-

132 1344 195 1384 cis
223 1357 369 1383 omnes
403 1342 689 1398 depositiones
722 1343 758 1384 &
785 1343 1049 1384 elevationes
1072 1358 1148 1398 per
1171 1343 1370 1386 ordinem
1394 1345 1438 1384 in
1465 1344 1692 1399 principiis

128 1415 323 1469 ipsarum
353 1413 669 1469 particularum
701 1413 912 1469 gaudebis
946 1420 988 1455 te
1013 1415 1225 1455 iuvenire.
1259 1414 1305 1457 Si
1338 1422 1481 1456 autem
1515 1414 1595 1456 hoc
1627 1422 1691 1455 at-

131 1492 300 1527 tentare
327 1486 532 1540 potueris,
560 1491 608 1525 ut
634 1485 823 1526 unius&
850 1484 1030 1525 alterius
1055 1485 1322 1540 symphoniae
1361 1485 1581 1541 quaslibet
1616 1500 1690 1526 vo-

132 1557 263 1598 lueris
294 1555 530 1612 particulas
562 1556 811 1608 moduleris,
835 1557 1026 1597 omnium
1053 1571 1311 1598 neumarum
1338 1556 1535 1598 difficiles
1563 1556 1688 1598 valde

129 1634 261 1683 atque
293 1627 554 1683 multiplices
586 1629 824 1668 varietates
856 1627 1115 1668 brevissima
1138 1628 1173 1669 ἃ
1196 1627 1317 1669 facili
1349 1627 1501 1682 regula
1534 1628 1690 1669 didici-

129 1700 199 1740 sti.
233 1697 339 1750 Quae
372 1700 518 1739 omnia
549 1714 647 1740 cum
680 1700 759 1739 vix
792 1698 949 1740 litteris
972 1705 1206 1754 utcumque
1233 1699 1536 1754 significemus,
1571 1698 1689 1741 facili

125 1775 295 1811 tantum
327 1769 539 1825 colloquio
574 1769 860 1811 denudamus.

185 1841 308 1883 Sicut
349 1842 394 1881 in
427 1842 542 1882 omni
577 1842 794 1896 scriptura
827 1841 931 1883 XX„
965 1842 1001 1882 ἃ,
1033 1842 1142 1884 ΙΠΙ.
1175 1842 1355 1895 litteras,
1389 1843 1450 1883 ita
1494 1843 1539 1883 in
1573 1843 1688 1883 omni

126 1919 259 1954 cantu
295 1918 459 1967 septem
492 1919 663 1954 tantum
696 1912 905 1953 habemus
939 1928 1079 1955 voces.
1111 1914 1225 1955 Nam
1258 1914 1369 1955 sicut
1401 1920 1567 1969 septem
1598 1913 1687 1955 dies

127 1985 173 2024 in
195 1982 481 2036 hebdomada,
511 1983 572 2024 ita
594 1990 761 2039 septem
781 1990 882 2025 sunt
906 1998 1030 2025 voees
1055 1985 1099 2025 in
1123 1986 1302 2026 musica.
1325 1984 1436 2026 Aliae
1458 1999 1575 2037 vero,
1592 2000 1686 2040 quae

125 2069 255 2110 super
288 2060 451 2110 septem
484 2053 797 2110 adiunguntur,
825 2055 986 2096 eaedem
1008 2056 1186 2111 sunt„&
1207 2071 1284 2112 per
1312 2057 1458 2097 omnia
1490 2047 1688 2097 similiter

127 2131 289 2167 canunt
321 2127 367 2166 in
399 2125 516 2167 nullo
549 2126 799 2181 dissimiles,
831 2128 915 2181 nisi
949 2128 1064 2183 quod
1096 2128 1227 2169 altius
1255 2128 1487 2184 dupliciter
1515 2134 1683 2169 sonant.

125 2196 319 2252 Ideoque
344 2199 516 2252 'septem
549 2197 732 2239 dicimus
757 2213 926 2252 graves,
949 2206 1113 2255 septem
1149 2214 1251 2241 vero
1286 2214 1487 2240 vocamus
1520 2205 1684 2240 acutas.

125 2267 300 2323 Septem
344 2274 489 2309 autem
532 2268 686 2310 litterae
733 2284 818 2310 non
864 2268 1113 2324 dupliciter,
1147 2270 1222 2311 sed
1268 2256 1538 2311 dissimiliter
1579 2270 1686 2312 desi-

127 2344 320 2393 guantur
351 2338 431 2379 hoc
463 2339 613 2380 modo:
1004 2334 1009 2339 ⁸
1413 2331 1420 2338 ⁵

878 2449 882 2453 “
1175 2441 1304 2477 abed

551 2487 594 2526 Γ.
633 2487 890 2523 ABCDEFG
914 2499 938 2522 a
963 2488 977 2533 ἡ
1003 2488 1155 2534 cdefg]

1174 2537 1314 2572 abed.

183 2622 268 2675 Qui
288 2637 390 2665 vero
412 2623 749 2666 monochordum
767 2625 986 2668 desiderat
1008 2627 1166 2680 facere,
1185 2628 1221 2669 ἃ,
1238 2629 1468 2684 qualitates
1491 2628 1526 2669 ἃ
1548 2643 1680 2684 quan-

123 2694 282 2746 titates,
329 2694 634 2737 similitudines
683 2697 719 2737 S:
763 2695 1135 2745 dissimilitudines
1179 2714 1382 2740 sonorum
1427 2704 1681 2741 tonorumve

122 2763 384 2819 discernere,
414 2767 708 2821 paucissimas,
743 2783 850 2823 quas
891 2768 1166 2824 subiecimus,
1204 2770 1379 2826 regulas
1412 2785 1680 2827 summopere
1736 2824 1741 2830 .

123 2834 297 2878 studeat
322 2836 578 2893 intelligere.
604 2838 657 2879 In
683 2839 972 2882 monochordo
1000 2847 1145 2904 autem
1171 2842 1266 2884 istis
1291 2840 1449 2883 litteris
1471 2840 1542 2883 vel
1563 2857 1680 2883 men-
