1996 3150
715 124 864 160 GUIDO
890 124 1106 161 ARETINO
1619 128 1687 162 431

129 219 395 260 conveniunt
428 219 651 261 authentis
684 225 727 261 et
758 234 917 275 graves
949 220 1181 276 plagibu33
1217 227 1259 262 et
1290 222 1352 263 sic
1393 237 1563 278 semper
1604 228 1691 264 tres

129 303 184 331 ex
217 289 429 331 ambabus
462 289 662 346 partibus
694 297 978 347 utrorumque
1006 298 1106 333 sunt
1138 293 1314 348 proprie
1333 294 1410 347 (l).

186 360 551 402 Differentiarum
583 368 729 403 autem
764 362 991 404 modorum
1023 362 1176 404 horum
1220 363 1413 405 formulae
1455 363 1690 405 secundum

126 432 345 487 principia
377 439 586 474 cantuum
620 433 841 488 dispositae
884 439 1006 486 sunt3
1052 440 1101 475 ut
1144 435 1509 490 quemadmodum
1550 435 1691 476 finalis

127 518 215 544 vox
248 504 437 559 aliquem
469 505 696 559 proprium
730 504 906 545 modum
949 505 1139 559 metitur,
1185 506 1246 547 sic
1284 512 1326 546 et
1370 505 1692 547 rationabiliter

94 628 99 632 ἡ
126 574 344 629 principia
376 574 628 615 eorumdem
661 581 869 616 cantuum
906 576 1096 630 aptiores
1125 574 1208 616 sibi
1235 575 1443 617 formulas
1476 582 1688 631 coaptent,

127 651 340 701 quatenus
373 645 431 686 sit
456 645 642 700 pulchra
668 646 883 686 connexio
912 660 996 701 que
1024 646 1263 687 secundum
1291 648 1484 702 proprios
1513 648 1556 687 in
1583 662 1689 688 una-

129 730 302 771 quaque
321 715 536 769 dirigatur
555 721 707 756 motus.
724 715 841 766 Quos
860 723 1001 758 motus
1018 732 1171 772 nempe
1195 718 1385 759 diximus
1403 719 1491 759 fore
1509 734 1599 772 sex,
1618 720 1689 774 qui

127 786 230 827 dum
262 785 402 827 tribus
435 786 716 842 applicantur
749 787 1144 841 adherectionibus,
1178 790 1223 829 in
1261 803 1521 844 unoquoque
1564 790 1690 831 modo

129 857 324 899 diversas
357 863 399 898 et
431 857 667 913 ampliores
700 864 743 898 et
776 859 821 899 in
854 858 1117 913 quibusdam
1156 859 1442 901 districtiores
1485 860 1690 901 formulas

127 928 334 981 efficiunt,
368 928 606 969 secundum
640 928 756 984 quod
788 930 1024 984 unicuique
1057 931 1268 971 motiones
1295 944 1392 970 cum
1421 930 1691 972 adherectio-

127 999 256 1040 nibus
289 1000 529 1055 adjungere
562 1005 754 1055 possunt.
782 1000 874 1040 Nec
901 999 1062 1055 aliquis
1090 1000 1315 1041 modorum
1342 1000 1573 1055 ampliores
1596 1016 1692 1056 per-

127 1071 318 1112 mittitur
351 1070 512 1112 habere
546 1069 752 1111 formulas
780 1071 865 1111 nisi
892 1085 989 1125 quae
1016 1085 1070 1111 ex
1094 1071 1185 1126 ipso
1210 1071 1468 1125 regulariter
1491 1073 1689 1126 generari

127 1142 344 1196 poterint3
377 1147 425 1182 ut
452 1142 565 1182 sicut
596 1140 768 1182 cautela
801 1141 1076 1196 permaxima
1109 1142 1153 1181 in
1180 1156 1335 1182 vocum
1359 1141 1556 1195 modulis,
1590 1142 1692 1183 dum

128 1211 417 1267 qualitatibus
450 1218 493 1253 et
524 1211 846 1268 quantitatibus
880 1212 1172 1253 excreverint.

190 1282 407 1334 Quocirca
434 1284 622 1325 musicus
652 1289 794 1324 motus
826 1284 1019 1324 continet
1046 1283 1302 1339 qualitatem
1323 1291 1366 1325 et
1388 1285 1691 1339 quantitatem.

128 1353 255 1405 Quod
288 1356 323 1395 si
356 1353 535 1395 desierit
568 1354 826 1409 qualitatem
860 1355 1208 1409 quantitatemve
1239 1361 1380 1397 motus
1404 1355 1691 1411 liabere,jam

129 1440 216 1467 non
249 1426 439 1466 musicus
472 1431 613 1466 motus
646 1426 741 1466 erit.
776 1424 976 1476 Qualitas
1010 1432 1156 1467 autem
1190 1433 1329 1468 motus
1363 1433 1439 1481 est,
1469 1433 1614 1468 utrum
1635 1427 1689 1468 sit

127 1502 276 1552 protus
300 1496 369 1538 vel
395 1496 616 1549 deuterus,
646 1501 723 1537 aut
751 1495 935 1551 quilibet
962 1496 1074 1538 alius
1101 1505 1256 1540 motus.
1285 1498 1518 1550 Quantitas
1544 1504 1690 1539 autem

125 1574 376 1609 utrumnam
410 1568 466 1608 sit
489 1566 660 1623 duplus,
685 1567 942 1622 sesquialter
969 1574 1045 1609 aut
1073 1569 1389 1624 sesquitertius.
1417 1569 1559 1624 Igitur
1587 1584 1693 1624 qua-

127 1639 228 1680 litas
262 1640 307 1679 in
355 1639 581 1680 modorum
624 1637 863 1694 speciebus,
905 1640 1128 1694 quantitas
1168 1641 1212 1681 in
1256 1641 1559 1695 magnitudine
1597 1655 1693 1696 pre-

126 1710 335 1751 scribitur
368 1716 578 1751 motuum.

185 1782 407 1822 Praeterea
440 1788 482 1822 et
514 1780 739 1822 modorum
773 1781 958 1822 diversae
992 1782 1156 1837 species
1188 1797 1274 1823 non
1307 1784 1490 1824 minima
1521 1783 1689 1838 prepol-

126 1852 217 1894 lent
251 1853 496 1908 quantitate
520 1867 606 1893 ⁴seu
640 1852 868 1908 qualitate,
903 1853 1005 1894 dum
1038 1869 1149 1895 unus
1183 1854 1226 1894 in
1269 1854 1445 1895 modum
1486 1853 1690 1905 historiae,

125 1930 241 1964 recto
276 1929 317 1964 et
350 1923 588 1979 tranquillo
621 1923 788 1964 feratur
824 1939 968 1964 cursu.
995 1923 1122 1964 Alter
1145 1939 1246 1965 vero
1273 1923 1484 1965 anfractis
1511 1923 1692 1965 saltibus

127 1995 397 2036 concinatur.
420 1994 549 2036 Alius
576 1994 779 2035 videatur
800 1994 1016 2049 garrulus,
1045 2001 1087 2036 et
1109 1998 1236 2037 s'evus
1263 1996 1309 2036 in
1343 1995 1527 2036 sublime
1554 1994 1693 2036 extol-

126 2065 220 2106 lens
256 2065 528 2107 audientium
562 2067 744 2106 animos.
777 2065 904 2107 Alter
935 2080 1038 2107 vero
1065 2066 1265 2121 placidus
1309 2066 1594 2121 laetitiamque
1632 2068 1692 2108 in-

129 2135 282 2177 dicans
312 2151 497 2178 morum.
531 2136 659 2188 Quod
692 2137 850 2191 cuique
883 2136 1089 2192 prudenti
1123 2138 1228 2178 satis
1261 2136 1441 2192 patebit,
1476 2151 1629 2178 curare
1657 2139 1689 2178 si

125 2208 358 2249 studuerit.

881 2302 944 2343 VI

194 2400 252 2427 DE
284 2400 505 2428 FORMULIS
537 2399 939 2429 DIF'FERENTIARUM
965 2399 1023 2427 ET
1050 2400 1208 2427 EARUM
1240 2400 1618 2428 PROPRIETATIBUS

184 2505 396 2546 Diversas
428 2510 573 2545 autem
606 2503 770 2545 habent
803 2503 1012 2546 formulas
1045 2503 1207 2558 singuli
1240 2504 1464 2545 modorum
1493 2518 1600 2559 quas
1625 2518 1687 2544 re-

125 2576 340 2631 gulariter
373 2577 432 2617 sic
466 2575 519 2616 de
551 2589 810 2631 unoquoque
844 2574 1124 2630 producimus
1157 2574 1295 2615 modo.
1329 2575 1475 2615 Primo
1499 2574 1687 2615 omnium

126 2648 416 2690 constituatur
439 2649 630 2689 musicus
653 2653 794 2688 motus
822 2648 865 2687 in
889 2662 972 2702 quo
1005 2648 1061 2688 sit
1093 2646 1286 2703 qualitas
1319 2653 1361 2688 et
1386 2647 1609 2702 quantitas
1633 2661 1689 2688 ex

178 2790 231 2834 (1)
261 2789 303 2823 In
331 2789 512 2825 Gerberto
537 2790 598 2836 qui
627 2789 811 2826 eomincia
836 2790 864 2825 il
890 2791 938 2826 VI
966 2789 1183 2837 paragrafo.
